=LDR  01272nem a2200349Ki 4500
=001  990086901930203941
=005  20190701173416.0
=008  010720s1663\\\\cc\\\\\\\\a\\\\\0\\\chi\d
=035  \\$a(MH)008690193HVD01-Aleph
=035  \\$a(OCoLC)47623193
=040  \\$aYNH$cYNH$dHMY
=066  \\$c{dollar}1
=245  00$6880-01$aTian xia jiu bian wan guo ren ji lu cheng quan tu /$cque ming bian zhi.
=880  00$6245-01/$a天下九邊萬國人跡路程全圖 /$c闕名編製.
=246  1\$6880-02$iTu ming yi ti:$aTian xia jing sheng jiu bian wai guo fu zhou xian lu cheng tu
=880  1\$6246-02/$i圖名亦題:$a天下京省九邊外國府州縣路程圖
=260  \\$6880-03$aGusu :$bWang Junfu,$cQing Kangxi 2 [1663]
=880  \\$6260-03/$a姑蘇 :$b王君甫,$c淸康熙2 [1663]
=300  \\$a1 map ;$c125 x 122.5 cm
=507  \\$bScale not given.
=500  \\$aIn case.
=500  \\$aBlockprint.
=530  \\$aAlso available online.
=500  \\$6880-04$aZhu lu: Jingdu da xue.
=880  \\$6500-04/$a著錄: 京都大學.
=651  \0$aChina$vMaps.
=830  \0$aHarvard-Yenching Library Digital Maps.$5net
=830  \0$aHarvard Map Collection digital maps.$pChina.$5net
=900  \\$a008690193
=901  6\$aBQG4002
=903  \\$aMHBQG40026HU
=998  \\$aNO-OVERLAY

