=LDR  00965nem a22003014a 4500
=001  990087261950203941
=005  20110322100451.0
=008  010907s1880\\\\cc\\\\\\\\a\\\\\1\\\eng\d
=034  0\$aa
=035  \\$a(MH)008726195HVD01-Aleph
=035  \\$a(OCoLC)646401557
=052  \\$a7824$bG815
=090  \\$aG7824.G8 1880$b.V7
=100  1\$aVrooman, D.
=245  10$aMap of Canton /$cby D. Vrooman.
=255  \\$aScale not given.
=260  \\$aHong Kong :$bKelly & Walsh, etc.,$c1880.
=300  \\$a1 map ;$c36 x 58 cm.
=500  \\$a From John Glasgow Kerr's "The Canton guide" (2nd ed.)
=500  \\$aIncludes index to points of interest.
=546  \\$aIn English and Chinese.
=651  \0$aGuangzhou Shi (China)$vMaps.
=700  1\$aKerr, J. G.$q(John Glasgow),$d1824-1901.$tCanton guide.
=830  \0$aHarvard Map Collection digital maps.$pChina.$pGuangzhou Shi.$5net
=900  \\$a008726195
=901  0\$aBQL1476
=903  \\$aMHBQL14760HU
=998  \\$aNO-OVERLAY

