=LDR  01704cem a2200385Ia 4500
=001  990094028280203941
=005  20120330152516.0
=008  840322m19549999dcuabfgbd\b\\f\\1\\\eng\\
=010  \\$amap56000431^
=034  1\$aa$b250000$dE0804941$eE1232523$fN0460529$gN0174558
=035  \\$a(MH)009402828HVD01-Aleph
=035  \\$a(OCoLC)10552568
=040  \\$aDLC$cMNM$dOCL$dHLS
=043  \\$aa-cc---
=052  \\$a7810
=090  \\$aG7810 s250$b.U54
=110  1\$aUnited States.$bArmy Map Service.
=245  10$aChina, 1:250,000.
=246  1\$iStandard map series designation:$aSeries L500
=246  3\$aAMS China 1:250,000
=255  \\$aScale 1:250,000 ;$bTransverse Mercator proj$c(E 80⁰49ʹ41ʺ--E 123⁰25ʹ23ʺ/N 46⁰05ʹ29ʺ--N 17⁰45ʹ58ʺ).
=260  \\$aWashington,$c1954-
=300  \\$amaps :$bcol. ;$c47 x 66 cm. or smaller.
=500  \\$aIssued in quadrangles 1⁰ of latitude by 1 1/2 - 2⁰ of longitude.
=500  \\$aRelief indicated variously by contours, form lines, shading and spot heights.
=500  \\$a"Names romanized in accordance with the Modified Wade-Giles system." Many names printed also as Chinese ideographs. Some sheets have legend in English and Chinese.
=500  \\$aCoverage includes Tibet and Sinkiang; Mongolia, Manchuria and Formosa are convered by separate sets.
=530  \\$aAlso available online.
=500  \\$aEach sheet includes "Glossary" and "Location diagram" partly on versos.
=500  \\$aSome sheets have city maps on versos.
=500  \\$aAccompanied by index map on sheet 27 x 54 cm.
=651  \0$aChina$vMaps, Topographic.
=830  \0$aHarvard Map Collection digital maps.$pChina.$5net
=900  \\$a009402828
=998  \\$aNO-OVERLAY

