=LDR  01091cem a22003254a 4500
=001  990097287710203941
=005  20100921093654.0
=008  041025s1898\\\\cc\b\\\\\\a\\\\\0\\\chi\d
=034  1\$aa$b14286
=035  \\$a(MH)009728771HVD01-Aleph
=035  \\$a(OCoLC)122708477
=040  \\$aCSt$cSTF$dOCLCQ
=041  0\$achieng
=052  \\$a7824$bN3
=090  \\$aG7824.N3 1898$b.G3
=100  1\$aGaillard, Louis,$d1850-1900.
=245  10$6880-01$aJiangning fu cheng tu /$cP. Louis Gaillard.
=880  10$6245-01/$a江寗府城圖 /$cP. Louis Gaillard.
=246  15$aPlan de Nankin
=255  \\$aScale [ca. 1:14,286], 14 cm=2 km.
=260  \\$a[Changhai :$bImpr. de la Mission catholique],$c1898.
=300  \\$a1 map :$bcol. ;$c94 x 72 cm.
=490  1\$aVariétés sinologiques ;$vno 16
=500  \\$aRelief shown by shading.
=546  \\$aPlace names in Chinee and English.
=651  \0$aNanjing Shi (China)$vMaps.
=830  \0$aVariétés sinologiques ;$vno 16.
=830  \0$aHarvard Map Collection digital maps.$pChina.$pNanjing Shi.$5net
=900  \\$a009728771
=998  \\$aNO-OVERLAY

