=LDR  01857cem a2200469Ia 4500
=001  990097878960203941
=005  20190730171750.0
=007  aj#canzn
=008  051027q18771885cc\d\\\\\\a\\\\\0\\\chi\d`
=034  1\$aa$b3571000
=035  \\$a(OCoLC)62162815
=040  \\$aHLS$beng$cHLS$dHLS$dOCLCQ$dHLS$dOCLCF$dOCLCO$dOCLCQ$dHLS
=043  \\$aa-cc---
=050  \4$aG7820 1877$b.H4
=052  \\$a7820
=110  2\$6880-01$aHejian Fu tian zhu tang.
=880  2\$6110-01$a河間府天主堂.
=245  10$6880-02$a[Qing 18 sheng tu =$bMap of prefectures, subprefectures & counties] /$cHejian Fu tian zhu tang.
=880  10$6245-02$a[清十八省圖 =$bMap of prefectures, subprefectures & counties] /$c河間府天主堂.
=246  31$aMap of prefectures, subprefectures & counties
=255  \\$aScale [ca. 1:3,571,000].
=260  \\$6880-03$a[China] :$b[Hejian Fu tian zhu tang],$c[between 1877 and1885]
=880  \\$6260-03$a[China] :$b[河間府天主堂],$c[between 1877 and 1885]
=300  \\$a1 map :$bcolor ;$c101 x 90 cm
=336  \\$acartographic image$bcri$2rdacontent
=337  \\$aunmediated$bn$2rdamedia
=338  \\$asheet$bnb$2rdacarrier
=500  \\$aRelief shown by hachures.
=500  \\$aTitle supplied by cataloger.
=500  \\$aHand colored.
=500  \\$aPrime meridian: Beijing.
=651  \0$aChina$vMaps.
=650  \0$aAdministrative and political divisions$vMaps.
=650  \0$aCities and towns$zChina$vMaps.
=650  \0$aCounties$zChina$vMaps.
=650  \7$aAdministrative and political divisions$2fast$0(OCoLC)fst00796826
=650  \7$aCities and towns$2fast$0(OCoLC)fst00861748
=650  \7$aCounties$2fast$0(OCoLC)fst01202159
=651  \7$aChina$2fast$0(OCoLC)fst01206073
=655  \7$aMaps$2fast$0(OCoLC)fst01423704
=830  \0$aHarvard Map Collection digital maps.$pChina.$5net
=900  \\$a009787896

