=LDR  01150cem a2200313Ia 4500
=001  990101032520203941
=005  20130723155647.0
=008  060913s1949\\\\cc\\\\\\\\a\\\\\0\\\chi\d
=034  1\$aa$b4000000
=035  \\$a(MH)010103252HVD01-Aleph
=035  \\$a(OCoLC)71317642
=040  \\$aHLS$cHLS$dHLS
=052  \\$a7821
=066  \\$c{dollar}1
=090  \\$aG7821.R3 1949$b.Q65
=110  2\$6880-01$aQun zhong zhou kan she.
=880  2\$6110-01/$a群眾週刊社.
=245  10$6880-02$aZhongguo ren min jie fang jun jin jun Jiang nan xing shi tu.
=880  10$6245-02/$a中國人民解放軍進軍江南形勢圖.
=255  \\$aScale [1:4,000,000].
=260  \\$6880-03$aXianggang :$bQun zhong zhou kan she,$c1949.
=880  \\$6260-03/$a香港 :$b群眾週刊社,$c1949.
=300  \\$a1 map. :$bcol. ;$c64 x 50 cm., folded in folder 20 x 14 cm.
=530  \\$aAlso available online.
=610  10$aChina.$bZhongguo ren min jie fang jun$xHistory$yCivil War, 1945-1949$vMaps.
=651  \0$aChina$xHistory$yCivil War, 1945-1949$xCampaigns$vMaps.
=830  \0$aHarvard Map Collection digital maps.$pChina.$5net
=900  \\$a010103252
=998  \\$aNO-OVERLAY

