=LDR  01825cem a2200349Ia 4500
=001  990109163890203941
=005  20120607094840.0
=008  981203s1749\\\\ne\d\\\\\\a\\\\\0\\\fre\d
=034  1\$aa$b43561$dE1161731$eE1162939$fN0400113$gN0394855
=035  \\$a(MH)010916389HVD01-Aleph
=035  \\$a(OCoLC)164347604
=040  \\$aGEBAY$bger$cGEBAY$dHLS
=041  0\$afre$adut
=052  \\$a7824$bB4
=090  \\$aG7824.B4 1749
=245  00$aPlan de La ville de Peking capitale de l'empire de la Chine, située par les 39.d 54 m. Lat. Septr.le =$bGrondetekening der Stad Peking Hoofdstad van China, op 39 Graaden en 54 Minuuten Noorderbreedte /$cJ. v. Schley, direx.
=255  \\$aScale [ca. 1:45361].Lieue commune de France = Gemeene Fransse - myl$c(E 116⁰17ʹ31ʺ--E 116⁰29ʹ39ʺ/N 40⁰01ʹ13ʺ--N 39⁰48ʹ55ʺ).
=260  \\$a[Hague :$bPierre de Hondt,$c1749]
=300  \\$a1 map :$bKupferstich ;$c21 x 21 cm.
=500  \\$aShows "Ville Tartare" including palace and "Ville Chinoise" with temples and Jesuit buildings, churches, schools and cemetary.
=546  \\$aIn French and Dutch.
=500  \\$aAppears in: Histoire générale des voyages / Antoine-Francois Prevost. Hague: Pierre de Hondt, 1747-1767. v. 7, p. 39
=530  \\$aAvailable also as a digital image through the Harvard University Web site.
=651  \0$aBeijing (China)$vMaps$vEarly works to 1800.
=610  20$aJesuits$xMissions$zChina$zBeijing$vMaps$vEarly works to 1800.
=700  1\$aSchley, Jacobus van der,$d1715-1779.
=700  1\$aHondt, Pieter de.
=700  1\$aPrévost,$cabbé,$d1697-1763.$tHistoire général des voyages.
=830  \0$aHarvard Map Collection digital maps.$pImaging the Urban Environment.$5net
=830  \0$aHarvard Map Collection digital maps.$pChina.$pBeijing.$5net
=900  \\$a010916389
=998  \\$aNO-OVERLAY

