=LDR  01203nem a2200313Ia 4500
=001  990109752860203941
=005  20120329092803.0
=008  070905s1900\\\\fr\\\\\\\\a\\\\\1\\\fre\d
=034  1\$aa$b25000$dE1161820$eE1162818$fN0395852$gN0394944
=035  \\$a(MH)010975286HVD01-Aleph
=035  \\$a(OCoLC)166903703
=040  \\$aHLS$cHLS
=052  \\$a7824$bB4
=090  \\$aG7824.B4 1900$b.A4
=100  1\$aNachbaur, Albert.
=245  10$aPékin.
=255  \\$aScale 1:25,000$c(E 116⁰18ʹ20ʺ--E 116⁰28ʹ18ʺ/N 39⁰58ʹ52ʺ--N 39⁰49ʹ44ʺ).
=260  \\$a[Beijing$bA. Nachbaur,$c1900]
=300  \\$a1 map :$bcol. ;$c60 x 48 cm.
=500  \\$aShows names of streets, buildings, drainage, parks, and other points of interest.
=500  \\$a" Edition du Journal de Pékin"
=500  \\$aIncludes legend at lower margin.
=530  \\$aAvailable also as a digital image through the Harvard University Web site.
=651  \0$aBeijing (China)$vMaps, Tourist.
=730  0\$aJournal de Pékin.
=830  \0$aHarvard Map Collection digital maps.$pImaging the Urban Environment.$5net
=830  \0$aHarvard Map Collection digital maps.$pChina.$pBeijing.$5net
=900  \\$a010975286
=998  \\$aNO-OVERLAY

