=LDR  01603nem a2200397Ia 4500
=001  990109752970203941
=005  20120410133215.0
=008  070905s1920\\\\ja\\\\\\\\a\\\\\1\\\eng\d
=034  0\$aa$dE1161936$eE1162700$fN0395806$gN0395009
=035  \\$a(MH)010975297HVD01-Aleph
=035  \\$a(OCoLC)166903748
=040  \\$aHLS$cHLS
=041  1\$aeng$achi
=052  \\$a7824$bB4
=066  \\$c{dollar}1
=090  \\$aG7824.B4 1920$b.J3
=110  2\$aJapan Tsūrisuto Byūrō.
=245  10$6880-01$a<Pekin>.
=880  10$6245-01/$a北京 =$bPeking.
=246  14$aMap and guide of Peking
=255  \\$aScale not given$c(E 116⁰19ʹ36ʺ--E 116⁰27ʹ00ʺ/N 39⁰58ʹ06ʺ--N 39⁰50ʹ09ʺ).
=260  \\$aTokyo :$bJapan Tourist Bureau,$c[1920]
=300  \\$a1 map :$bfront & back, col. ;$c48 x 35 cm.
=546  \\$aIn English and Chinese.
=500  \\$aNon-Latin script record.
=500  \\$aInsets: Environs de Peking -- Legation Quarter and Japan Tourist Bureau.
=500  \\$a"Key to map" and "Explanation" below lower margin.
=500  \\$aIssued as tourist pamphlet; title and ill. on cover: "Map & Guide of Peking"
=500  \\$aVerso: "Guide to Peking" text with sightseeing descriptions.
=530  \\$aAvailable also as a digital image through the Harvard University Web site.
=651  \0$aBeijing (China)$vMaps, Tourist.
=650  \0$aCulture and tourism$zChina$zBeijing$vMaps.
=830  \0$aHarvard Map Collection digital maps.$pImaging the Urban Environment.$5net
=830  \0$aHarvard Map Collection digital maps.$pChina.$pBeijing.$5net
=900  \\$a010975297
=998  \\$aNO-OVERLAY

