=LDR  01281cem a2200313Ia 4500
=001  990109753030203941
=005  20120329095249.0
=008  021011s1900\\\\fr\\\\\\\\a\\f\\1\\\fre\d
=034  1\$aa$b15000$dE1161658$eE1162708$fN0395729$gN0395130
=035  \\$a(MH)010975303HVD01-Aleph
=035  \\$a(OCoLC)51600377
=040  \\$aCGU$cCGU$dOCLCQ$dCGU$dHLS
=041  0\$afre$achi
=043  \\$aa-cc-pe
=052  \\$a7824$bB4
=090  \\$aG7824.B4 1900$b.F7
=110  1\$aFrance.$bArmée.$bService géographique.
=245  10$aPlan de Pékin /$cdressé, héliogravé, et publié par le Service géographique de l'Armée.
=255  \\$aScale 1:15,000$c(E 116⁰16ʹ58ʺ--E 116⁰27ʹ08ʺ/N 39⁰57ʹ29ʺ--N 39⁰51ʹ30ʺ).
=260  \\$a[Paris] :$bService géographique de l'Armée,$c[1900]
=300  \\$a1 map :$bcol. ;$c73 x 51 cm., on sheet 77 x 88 cm.
=500  \\$aIncludes index at left margin.
=530  \\$aAvailable also as a digital image through the Harvard University Web site.
=546  \\$aIn French with Chinese romanized.
=651  \0$aBeijing (China)$vMaps.
=830  \0$aHarvard Map Collection digital maps.$pImaging the Urban Environment.$5net
=830  \0$aHarvard Map Collection digital maps.$pChina.$pBeijing.$5net
=900  \\$a010975303
=998  \\$aNO-OVERLAY

