=LDR  02325nem a2200445Ia 4500
=001  990109754410203941
=005  20160715104226.0
=008  070905s1843\\\\enki\\\\\\a\\\\\1\\\eng\\
=034  1\$aa$b50000
=035  \\$a(MH)010975441HVD01-Aleph
=035  \\$a(OCoLC)166907095
=040  \\$aHLS$cHLS
=041  0\$aeng$achi
=052  \\$a7824$bB4
=090  \\$aG7824.B4 1812$b.J4 1843
=100  1\$aJervis, T. B.$q(Thomas Best),$d1796-1857.
=245  10$aChinese plan of the city of Peking /$cT.B. Jervis; the chinese characters and explanations rendered into English were furnished by Mr. Samuel Birch, from a comparison of the above documents and the notes appended to the original by the students in the Missionary College at Naples.
=246  3\$aPlan of the city of Peking
=255  \\$aScale [ca. 1:50,000].
=260  \\$aLondon :$blithgraphed and printed under the direction of T.B. Jervis,$c[1843]
=300  \\$a1 map :$bcol. ;$con sheet 94 x 116 cm.
=500  \\$aRelief shown pictorially.
=546  \\$aEnglish and Chinese.
=500  \\$aDedication: "To Her Most Gracious Majesty the Queen. This fac-simile of a Chinese plan of the Tartar, or inner city, Nuyching, and the Imperial Palace Kingtoo of Peking or Chun Thein Foo. The northern residence of the court, or capital of the Chinese Empire is most respectfully inscribed, with Her Majesty's faithful servant T. B. Jervis."
=530  \\$aAvailable also as a digital image through the Harvard University Web site.
=534  \\$pOriginal version:$c[Peking? : s.n., 182-?].$nTitle of the original not reproduced.$nWood block print.
=610  20$aJesuits$xMissions$zChina$vMaps.
=651  \0$aBeijing (China)$vMaps.
=650  \0$aMissions, China$y19th century$vMaps.
=655  \0$aEngraving, Chinese$y19th century$vMaps.
=700  0\$aĪakinḟ,$cMonk,$d1777-1853.
=700  1\$aBirch, Samuel,$d1813-1885.
=700  1\$aParish, Woodbine,$cSir,$d1796-1882,$edonor.
=700  1\$aPingré, Alexandre Guy,$d1711-1796.
=700  1\$aL'Isle, Joseph Nicolas de,$d1688-1768.
=700  1\$aGützlaff, Karl Friedrich August,$d1803-1851$edonor.
=830  \0$aHarvard Map Collection digital maps.$pImaging the Urban Environment.$5net
=830  \0$aHarvard Map Collection digital maps.$pChina.$pBeijing.$5net
=900  \\$a010975441
=998  \\$aNO-OVERLAY

