=LDR  01367cfm a2200409Ia 4500
=001  990110673900203941
=005  20160715103311.0
=008  070911s1865\\\\xx\\\\\\\\a\\\\\1\e\chi\d
=034  0\$aa
=035  \\$a(MH)011067390HVD01-Aleph
=035  \\$a(OCoLC)170933667
=040  \\$aHLS$beng$cHLS$dOCLCQ$dOCLCF$dOCLCO$dOCLCQ$dOCLCO$dOCL$dOCLCO$dHLS
=041  0\$achi$aeng
=043  \\$aa-cc-pe
=050  \4$aG7824.B4 1865$b.Z5
=052  \\$a7824$bB4
=100  1\$6880-01$aZhou, Peichun.
=880  1\$6100-01/$a周培春.
=245  10$6880-02$aBeijing di li quan tu /$cZhou Peichun hua.
=880  10$6245-02/$a北京地里全图 /$c周培春畫.
=255  \\$aScale not given.
=260  \\$c[1865]
=300  \\$a1 ms. map :$bhand colored ;$c80 x 62 cm +$eaccompanying index
=336  \\$acartographic image$bcri$2rdacontent
=337  \\$aunmediated$bn$2rdamedia
=338  \\$asheet$bnb$2rdacarrier
=500  \\$aIn Chinese.
=500  \\$aPencil ms. on recto in English.
=651  \0$aBeijing (China)$vMaps.
=651  \7$aChina$zBeijing$2fast
=655  \7$aManuscript maps.$2fast
=655  \7$aMaps.$2fast
=655  \7$aManuscript maps.$2lcgft
=830  \0$aHarvard Map Collection digital maps.$pImaging the Urban Environment.$5net
=830  \0$aHarvard Map Collection digital maps.$pChina.$pBeijing.$5net
=900  \\$a011067390
=998  \\$aNO-OVERLAY

