=LDR  02330cem a2200493Ia 4500
=001  990120340370203941
=005  20110719134938.0
=008  011104s1813\\\\enki\\\\\\a\\\\\0\\\eng\d
=034  1\$aa$b2650000$dE0100000$eE1800000$fN0800000$gS0140000
=035  \\$a(MH)012034037HVD01-Aleph
=035  \\$a(OCoLC)48266635
=040  \\$aCSL$cCSL$dOCLCQ$dCSL$dOCLCQ$dOCLCG
=052  \\$a7400
=090  \\$aG7400 1813$b.A7
=100  1\$aAspin, Jehoshaphat,$dactive 18th century-19th century.
=245  10$aAsia, drawn from the best authorities :$bfor the elucidation of Lavoisne's genealogical, historical, chronological, & geographical atlas /$cby J. Aspin.
=246  30$aGeographical, statistical, and historical map of Asia
=255  \\$aScale ca. 1:26,000,000$c(E 10⁰--E 180⁰/N 80⁰--S 14⁰).
=260  \\$aLondon :$bPublished by J. Barfield, No. 91, Wardour Street,$c1813.
=300  \\$a1 map :$bhand col. ;$c31 x 32 cm., on sheet 40 x 55 cm.
=500  \\$aWood engraving, hand-colored.
=500  \\$aRelief shown pictorially.
=500  \\$aTitle above the map: Geographical, statistical, and historical map of Asia.
=500  \\$aPrime meridian: London.
=500  \\$aSheet "printed by J. Barfield, Wardour-Street, printer to His Royal Highness the Prince Regent."
=500  \\$aSheet numbered 60, includes text describing Asia, Turkey, Arabia, Persia, India, China, and Tartary.
=500  \\$aSea of Korea referred to as "Corean Sea."
=522  \\$aAsia.
=530  \\$aAlso available online.
=651  \0$aAsia$vMaps.
=651  \0$aTurkey$xDescription and travel.
=651  \0$aArabian Peninsula$xDescription and travel.
=651  \0$aIran$xDescription and travel.
=651  \0$aIndia$xDescription and travel.
=651  \0$aChina$xDescription and travel.
=700  1\$aBarfield, John,$dactive 1790-1842,$ebookseller.
=700  1\$aLavoisne, C. V.$tLavoisne's complete genealogical, historical, chronological, and geographical atlas.
=830  \0$aHarvard Map Collection.$pKrawciw Collection.
=830  \0$aHarvard Map Collection digital maps.$pAsia.$5net
=830  \0$aHarvard Map Collection digital maps.$pTurkey.$5net
=830  \0$aHarvard Map Collection digital maps.$pIndia.$5net
=830  \0$aHarvard Map Collection digital maps.$pChina.$5net
=900  \\$a012034037
=998  \\$aNO-OVERLAY

