=LDR  01562nem a22003614a 4500
=001  990125138690203941
=005  20110325145612.0
=008  921110s1749\\\\ne\i\\\\\\a\\\\\0\\\fre\d
=034  1\$aa$b2100000
=035  \\$a(MH)012513869HVD01-Aleph
=035  \\$a(OCoLC)643473519
=052  \\$a7810
=052  \\$a7900
=090  \\$aG7810 1749$b.B4
=100  1\$aBellin, Jacques Nicolas,$d1703-1772.
=245  13$aLa Chine avec la Korée, et les parties de la Tartarie les plus voisines :$btirées des cartes que les Jesuites Missionaires ont levées les années 1708, jusqu'en 1717 / J. V. Schley direx.
=246  13$iDutch title outside the neat line:$aKeyzerryk van China, met Korea, en de aangrenzende deelen van Tartarye
=255  \\$aScale [ca. 1:2,100,000].
=260  \\$a[Hague :$bPierre de Hondt,$c1749]
=300  \\$a1 map ;$c27 x 31 cm., sheet 43 x 55 cm.
=500  \\$aRelief shown pictorially.
=500  \\$aBeijing meridian.
=500  \\$aAppears in Antoine François Prévost's "L'Histoire générale des voyages". Hague : Pierre de Hondt, 1747-1767. 21 vols. (v.7, p. 1).
=530  \\$aAlso available online.
=651  \0$aChina$vMaps$vEarly works to 1800.
=651  \0$aKorea$vMaps$vEarly works to 1800.
=700  1\$aHondt, Pieter de.
=700  1\$aSchley, Jacobus van der,$d1715-1779.
=700  1\$aPrévost,$cabbé,$d1697-1763.$tHistoire générale des voyages.
=830  \0$aHarvard Map Collection digital maps.$pChina.$5net
=830  \0$aHarvard Map Collection digital maps.$pKorea.$5net
=900  \\$a012513869
=998  \\$aNO-OVERLAY

