=LDR  01472nem a2200313 a 4500
=001  990125139800203941
=005  20110325161229.0
=008  100622s1749\\\\ne\i\\\\\|a||\\|0|\\fre\d
=034  0\$aa
=035  \\$a(MH)012513980HVD01-Aleph
=035  \\$a(OCoLC)643473529
=052  \\$a7822$bZ5
=090  \\$aG7822.Z5 1749$b.B4
=100  1\$aBellin, Jacques Nicolas,$d1703-1772.
=245  10$aCarte de l'isle de Cheu-Chan, ou l'isle de Chusan, de la province de Che-kiang :$bavec les costes et isles voisines /$ctiré de Thornton, Hydrog. anglois et autres navigatrs. par N.B., Ingr. de la Marine ; J.V. Schley direx.
=246  13$iDutch title outside the neat line:$aKaart van 't Eiland Cheu-Chan, of Chusan, onder 't Landschap Che-Kiang, met kusten en nabuurige Eilanden
=255  \\$aScale not given.
=260  \\$a[Hague :$bPierre de Hondt,$c1749]
=300  \\$a1 map ;$c22 x 32 cm.
=500  \\$aRelief shown pictorially.
=500  \\$aFrom Antoine François Prévost's "L'Histoire générale des voyages". Hague : Pierre de Hondt, 1747-1767. 21 vols. (v.7, p. 434).
=530  \\$aAlso available online.
=651  \0$aZhoushan Archipelago (China)$vMaps$vEarly works to 1800.
=700  1\$aHondt, Pieter de.
=700  1\$aSchley, Jacobus van der,$d1715-1779.
=700  1\$aPrévost,$cabbé,$d1697-1763.$tHistoire générale des voyages.
=830  \0$aHarvard Map Collection digital maps.$pChina.$pZhoushan Archipelago.$5net
=900  \\$a012513980
=998  \\$aNO-OVERLAY

