=LDR  01905nem a2200421 a 4500
=001  990125140320203941
=005  20110408191207.0
=008  100622s1749\\\\ne\ei\\\\|a||\\|0|\\fre\d
=034  0\$aa
=035  \\$a(MH)012514032HVD01-Aleph
=035  \\$a(OCoLC)645663965
=052  \\$a7912$bT34
=052  \\$a7910
=052  \\$a7824$bX5
=052  \\$a7913$bP4
=090  \\$aG7912.T34 1749$b.B4
=100  1\$aBellin, Jacques Nicolas,$d1703-1772.
=245  10$aCarte de la baye de Chin-Cheouw ou Chang-Cheouw avec les isles d'Emowi et de Quemowi :$bdressée sur les divers manuscrits /$cpar N.B. ; J.V. Schley, direx.
=246  13$iDutch title outside the neat line:$aKaart der baal van Chin-Chew, of Chang-Chew, met de eilanden va A-mwi en Que-mwi
=255  \\$aScale not given.
=260  \\$a[Hague :$bPierre de Hondt,$c1749]
=300  \\$a1 map ;$c21 x 29 cm.
=500  \\$aRelief shown pictorially, depth by soundings.
=500  \\$aFrom Antoine François Prévost's "L'Histoire générale des voyages". Hague : Pierre de Hondt, 1747-1767. 21 vols. (v.7, p. 166).
=530  \\$aAlso available online.
=651  \0$aPenghu County (Taiwan)$vMaps$vEarly works to 1800.
=651  \0$aTaiwan Strait$vMaps$vEarly works to 1800.
=651  \0$aChin-men hsien (Taiwan)$vMaps$vEarly works to 1800.
=651  \0$aXiamen (Xiamen Shi, China)$vMaps$vEarly works to 1800.
=700  1\$aHondt, Pieter de.
=700  1\$aSchley, Jacobus van der,$d1715-1779.
=700  1\$aPrévost,$cabbé,$d1697-1763.$tHistoire générale des voyages.
=830  \0$aHarvard Map Collection digital maps.$pTaiwan Strait.$5net
=830  \0$aHarvard Map Collection digital maps.$pTaiwan.$pChin-men hsien.$5net
=830  \0$aHarvard Map Collection digital maps.$pTaiwan.$pP'eng-hu hsien.$5net
=830  \0$aHarvard Map Collection digital maps.$pChina.$pXiamen (Xiamen Shi).$5net
=900  \\$a012514032
=998  \\$aNO-OVERLAY

