=LDR  01650nem a2200349 a 4500
=001  990125149630203941
=005  20110201144049.0
=008  921110s1749\\\\ne\ei\\\\\a\\\\\0\\\fre\d
=034  0\$aa
=035  \\$a(MH)012514963HVD01-Aleph
=035  \\$a(OCoLC)63835763
=052  \\$a7822$bP4
=090  \\$aG7822.P4 1749$b.B5
=100  1\$aBellin, Jacques Nicolas,$d1703-1772.
=245  10$aCarte des isles qui sont a l'embouchure de la riviere de Canton :$bdressée sur les observations des navigateurs /$cpar N.B., Ingr. ordre. de la Marine ; J.V. Schley, direx.
=246  13$iDutch title outside the neat line:$aKaart van de eilanden aan der mond der riviere van Kanton
=255  \\$aScale not given.
=260  \\$a[Hague :$bPierre de Hondt,$c1749]
=300  \\$a1 map ;$c19 x 30 cm.
=500  \\$aRelief shown pictorially, depth by soundings.
=500  \\$aShows the mouth of the Canton River and the islands off the coast of Kwangtung Province.
=500  \\$aFrom Antoine François Prévost's "L'Histoire générale des voyages". Hague : Pierre de Hondt, 1747-1767. 21 vols. (v.7, p. 448).
=530  \\$aAlso available online.
=651  \0$aGuangdong Sheng (China)$vMaps.$vEarly works to 1800.
=651  \0$aPearl River Estuary (China)$vMaps.$vEarly works to 1800.
=700  1\$aHondt, Pieter de.
=700  1\$aSchley, Jacobus van der,$d1715-1779.
=700  1\$aPrévost,$cabbé,$d1697-1763.$tHistoire générale des voyages.
=830  \0$aHarvard Map Collection digital maps.$pChina.$pGuangdong Sheng.$5net
=830  \0$aHarvard Map Collection digital maps.$pChina.$pPearl River Estuary.$5net
=900  \\$a012514963
=998  \\$aNO-OVERLAY

