=LDR  01451nem a22003134a 4500
=001  990125150490203941
=005  20110201143643.0
=008  100624s1749\\\\ne\ei\\\\|a||\\|0|\\fre\d
=034  0\$aa
=035  \\$a(MH)012515049HVD01-Aleph
=035  \\$a(OCoLC)63835744
=052  \\$a7822$bM38
=090  \\$aG7822.M38 1749$b.B4
=100  1\$aBellin, Jacques Nicolas,$d1703-1772.
=245  10$aCarte de la baye d'Hocsieu et des entrées de la riviere de Chang situées dans la province de Fokyen :$btirées de manuscrits hollandois /$c; J.V. Schley direx.
=246  13$iDutch title outside the neat line:$aKaart der baaije van Hocsieu, en van 't inkoomen der riviere Chang, gelegen in't lanschap Fokien
=255  \\$aScale not given.
=260  \\$a[Hague :$bPierre de Hondt,$c1749]
=300  \\$a1 map ;$c20 x 27 cm.
=500  \\$aRelief shown pictorially, depth by soundings.
=500  \\$aFrom Antoine François Prévost's "L'Histoire générale des voyages". Hague : Pierre de Hondt, 1747-1767. 21 vols. (v.7, p. 417).
=530  \\$aAlso available online.
=651  \0$aMin River Estuary (Fujian Sheng, China)$vMaps$vEarly works to 1800.
=700  1\$aHondt, Pieter de.
=700  1\$aSchley, Jacobus van der,$d1715-1779.
=700  1\$aPrévost,$cabbé,$d1697-1763.$tHistoire générale des voyages.
=830  \0$aHarvard Map Collection digital maps.$pChina.$pMin River Estuary (Fujian Sheng, China)$5net
=900  \\$a012515049
=998  \\$aNO-OVERLAY

