=LDR  01755cem a2200409Ia 4500
=001  990125150530203941
=005  20110201142628.0
=008  011209s1749\\\\ne\i\\\\\\a\\\\\0\\\fre\d
=034  1\$aa$b1500000$dE1150000$eE1330000$fN0460000$gN0330000
=035  \\$a(MH)012515053HVD01-Aleph
=035  \\$a(OCoLC)48560030
=040  \\$aCSL$cCSL$dOCLCQ$dCSL$dOCLCQ$dCSL$dOCLCQ$dOCLCG$dOCLCQ
=041  0\$afredut
=043  \\$aa-cc---$aa-kr---
=052  \\$a7810
=090  \\$aG7810 1749$b.B3
=100  1\$aBellin, Jacques Nicolas,$d1703-1772.
=245  10$aCarte du Katay :$bou, Empire de Kin, pour servir a l'histoire de Jenghiz Khan ; raportée dans l'histoire generale des voyages, tirée de l'Anglois = Kaart van Kitay, of 't Ryk der Kin, dienende tot de historie van Jenghiz Khan, uit de Engelsche in dit Bestek gebragt.$c; J.V. Schley direx.
=246  31$aKaart van Kitay
=246  31$aRyk der Kin
=246  30$aEmpire de Kin
=255  \\$aScale ca. 1:1,500,000$c(E 115⁰--E 133⁰/N 46⁰--N 33⁰).
=260  \\$a[Hague :$bPierre de Hondt,$c1749]
=300  \\$a1 map ;$c20 x 31 cm., on sheet 26 x 36 cm.
=500  \\$aRelief shown pictorially.
=500  \\$aPrime meridian: Ferro.
=500  \\$aCopper engraving, printed on chain-lined paper with watermark.
=500  \\$aSea of Korea referred to as "Mer de Corée" and "Zee van Korea."
=530  \\$aAlso available online.
=651  \0$aChina$vMaps$vEarly works to 1800.
=651  \0$aKorea$vMaps$vEarly works to 1800.
=600  00$aGenghis Khan,$d1162-1227.
=700  1\$aSchley, Jacobus van der,$d1715-1779.
=830  \0$aHarvard Map Collection digital maps.$pChina.$5net
=830  \0$aHarvard Map Collection digital maps.$pKorea.$5net
=900  \\$a012515053
=998  \\$aNO-OVERLAY

