=LDR  01665nem a2200373 a 4500
=001  990125150620203941
=005  20130311144023.0
=008  921110s1749\\\\ne\i\\\\\\a\\\\\0\\\fre\d
=034  0\$aa
=035  \\$a(MH)012515062HVD01-Aleph
=035  \\$a(OCoLC)63835779
=052  \\$a7810
=052  \\$a7895
=052  \\$a7270
=090  \\$aG7895 1749$b.B4
=100  1\$aBellin, Jacques Nicolas,$d1703-1772.
=245  10$aCarte de la Tartarie Occidentale :$bpour servir a l'Histoire generale des voyages, tiré des auteurs anglois /$cpar N. Bellin, Ingenieur de la Marine.
=246  13$iDutch title outside the neat line:$aKaart van West-Tartarye : getrokken uit den kaarten der Jezuiten en de Kaart des Russësen Ryks van den Hr. Kyrillow
=255  \\$aScale [ca. 1: 5,400,000] 4.95 cm=60 French leagues.
=260  \\$a[Hague :$bPierre de Hondt,$c1749]
=300  \\$a1 map ;$c19 x 29 cm.
=500  \\$aAppears in Antoine François Prévost's "L'Histoire générale des voyages". Hague : Pierre de Hondt, 1747-1767. 21 vols. (v.10).
=530  \\$aAlso available online.
=651  \0$aMongolia$vMaps.$vEarly works to 1800.
=651  \0$aChina$vMaps.$vEarly works to 1800.
=651  \0$aSiberia (Russia)$vMaps$vEarly works to 1800.
=700  1\$aHondt, Pieter de.
=700  1\$aSchley, Jacobus van der,$d1715-1779.
=700  1\$aPrévost,$cabbé,$d1697-1763.$tHistoire générale des voyages.
=830  \0$aHarvard Map Collection digital maps.$pMongolia.$5net
=830  \0$aHarvard Map Collection digital maps.$pChina.$5net
=830  \0$aHarvard Map Collection digital maps.$pRussia (Federation).$pSiberia.$5net
=900  \\$a012515062
=998  \\$aNO-OVERLAY

