=LDR  01831nem a2200409 a 4500
=001  990125151070203941
=005  20130311145012.0
=008  921110s1750\\\\ne\i\\\\\\a\\\\\0\\\fre\d
=034  0\$aa
=035  \\$a(MH)012515107HVD01-Aleph
=035  \\$a(OCoLC)63835778
=052  \\$a7822
=052  \\$a7330
=052  \\$a7270
=090  \\$aG7822.M2 1750$b.B4
=100  1\$aBellin, Jacques Nicolas,$d1703-1772.
=245  10$aCarte de la Tartarie Orientale :$bpour servir a l'Histoire générale des voyages /$ctirée des cartes levées par les PP. Jesuites.
=246  13$iDutch title outside the neat line:$aKaart na Oost-Tartarye :$bgelyk die geligt is door de Jezuïten, Ao. 1709-1-end 11.
=255  \\$aScale not given.
=260  \\$a[Hague :$bPierre de Hondt,$c1750]
=300  \\$a1 map ;$c19 x 29 cm.
=500  \\$aRelief shown pictorially.
=500  \\$aFerro meridian.
=500  \\$aShows part of Manchuria, Eastern Siberia and Sakhalin Island.
=500  \\$aAppears in Antoine François Prévost's "L'Histoire générale des voyages". Hague : Pierre de Hondt, 1747-1767. 21 vols. (v.10).
=530  \\$aAlso available online.
=651  \0$aSakhalin (Sakhalinskai͡a oblastʹ, Russia)$vMaps$vEarly works to 1800.
=651  \0$aManchuria (China)$vMaps$vEarly works to 1800.
=651  \0$aSiberia, Eastern (Russia)$vMaps$vEarly works to 1800.
=700  1\$aHondt, Pieter de.
=700  1\$aSchley, Jacobus van der,$d1715-1779.
=700  1\$aPrévost,$cabbé,$d1697-1763.$tHistoire générale des voyages.
=830  \0$aHarvard Map Collection digital maps.$pChina.$pManchuria.$5net
=830  \0$aHarvard Map Collection digital maps.$pRussia (Federation).$pSakhalin.$5net
=830  \0$aHarvard Map Collection digital maps.$pRussia (Federation).$pSiberia, Eastern.$5net
=900  \\$a012515107
=998  \\$aNO-OVERLAY

