=LDR  01536cem a2200361 a 4500
=001  990125151320203941
=005  20110201145019.0
=008  060710s1750\\\\ne\i\\\\\\a\\\\\0\\\fre\\
=010  \\$a^^2006629362
=034  1\$aa$b8500000
=035  \\$a(MH)012515132HVD01-Aleph
=035  \\$a(OCoLC)645664024
=052  \\$a7405
=052  \\$a7823$bX6
=090  \\$aG7823.X6 1750$b.B4
=100  1\$aBellin, Jacques Nicolas,$d1703-1772.
=245  10$aCarte de la petite Bukharie et pays voisins :$bpour servir a l'Histoire générale des voyages /$cdressée sur les observations les plus récentes par N. Bellin, Ingr. de la Mare., 1749
=246  13$iDutch title outside the neat line:$aKaart van Klyn-Bukharia, en de nabuurige landen :$bvolgens de afmeetinge der Jezuïten, en der kaart van 't Russiëse Ryk
=255  \\$aScale [ca. 1:8,500,000].
=260  \\$a[Hague :$bPierre de Hondt,$c1750]
=300  \\$a1 map ;$c19 x 29 cm.
=500  \\$aRelief shown pictorially.
=500  \\$aPrime meridian: Ferro.
=530  \\$aAlso available online.
=651  \0$aXinjiang Uygur Zizhiqu (China)$vMaps$vEarly works to 1800.
=651  \0$aTien Shan$vMaps$vEarly works to 1800.
=700  1\$aHondt, Pieter de.
=700  1\$aSchley, Jacobus van der,$d1715-1779.
=700  1\$aPrévost,$cabbé,$d1697-1763.$tHistoire générale des voyages.
=830  \0$aHarvard Map Collection digital maps.$pChina.$pXinjiang Uygur Zizhiqu$5net
=830  \0$aHarvard Map Collection digital maps.$pTien Shan.$5net
=900  \\$a012515132
=998  \\$aNO-OVERLAY

