=LDR  01435nem a22003134a 4500
=001  990125151890203941
=005  20110311191116.0
=008  100624s1750\\\\ne\i\\\\\|a||\\|0|\\fre\d
=034  1\$aa$b8000000
=035  \\$a(MH)012515189HVD01-Aleph
=035  \\$a(OCoLC)645664029
=052  \\$a7823$bT5
=090  \\$aG7823.T5 1750$b.B4
=100  1\$aBellin, Jacques Nicolas,$d1703-1772.
=245  10$aCarte du Grand Thibet :$bpour servir a l'Histoire generale des voyages : dressée sur les observations les plus récentes /$ctirée des auteurs anglois par N. Bellin, Ingr. de la Marine, 1949. ; J.V. Schley direx.
=246  13$iDutch title outside the neat line:$aKaart van Groot-Thibet :$bontworpen op die der Lama-wiskunstenaaren, gemakt in 1717
=255  \\$aScale [ca. 1:8,000,000].
=260  \\$a[Hague :$bPierre de Hondt,$c1750]
=300  \\$a1 map ;$c18 x 29 cm.
=500  \\$aRelief shown pictorially.
=500  \\$aAppears in: Antoine François Prévost "L'Histoire générale des voyages". Hague : Pierre de Hondt, 1747-1767. 21 vols.
=530  \\$aAlso available online.
=651  \0$aTibet Autonomous Region (China)$vMaps$vEarly works to 1800.
=700  1\$aHondt, Pieter de.
=700  1\$aSchley, Jacobus van der,$d1715-1779.
=700  1\$aPrévost,$cabbé,$d1697-1763.$tHistoire générale des voyages.
=830  \0$aHarvard Map Collection digital maps.$pChina.$pTibet.$5net
=900  \\$a012515189
=998  \\$aNO-OVERLAY

