=LDR  01668nem a2200361 a 4500
=001  990125151940203941
=005  20110201144255.0
=008  921110s1750\\\\ne\i\\\\\\a\\\\\0\\\fre\d
=034  0\$aa
=035  \\$a(MH)012515194HVD01-Aleph
=035  \\$a(OCoLC)645664039
=052  \\$a7823$bG3
=052  \\$a7823$bS3
=090  \\$aG7823.G3 1750$b.B4
=100  1\$aBellin, Jacques Nicolas,$d1703-1772.
=245  10$aCarte de l'empire de Hya et partie de Tangut :$bpour servir a l'Histoire générale des voyages /$ctirée des auteurs anglois par N. Bellin ; J.V. Schley direx.
=246  13$iDutch title outside the neat line:$aKaart van Ryk van Hya, vervattende een groot deel van Tangut : dienende tot de Historie van Jenghiz Khan
=255  \\$aScale ca. 1 in. = 37 grandes lieues de France.
=260  \\$a[Hague :$bPierre de Hondt,$c1750]
=300  \\$a1 map ;$c19 x 29 cm.
=500  \\$aRelief shown pictorially.
=500  \\$aShows the extinct kingdom of Hsi-hsia and adjacent territory.
=500  \\$aAppears in: Antoine François Prévost "L'Histoire générale des voyages". Hague : Pierre de Hondt, 1747-1767. 21 vols. (v.9).
=530  \\$aAlso available online.
=651  \0$aGansu Sheng (China)$vMaps$vEarly works to 1800.
=651  \0$aShaanxi Sheng (China)$vMaps$vEarly works to 1800.
=700  1\$aHondt, Pieter de.
=700  1\$aSchley, Jacobus van der,$d1715-1779.
=700  1\$aPrévost,$cabbé,$d1697-1763.$tHistoire générale des voyages.
=830  \0$aHarvard Map Collection digital maps.$pChina.$pGansu Sheng.$5net
=830  \0$aHarvard Map Collection digital maps.$pChina.$pShaanxi Sheng.$5net
=900  \\$a012515194
=998  \\$aNO-OVERLAY

