=LDR  01251nem a22003134a 4500
=001  990125207530203941
=005  20110201144625.0
=008  100629s1749\\\\ne\i\\\\\|a||\\|0|\\fre\d
=034  0\$aa
=035  \\$a(MH)012520753HVD01-Aleph
=035  \\$a(OCoLC)645664223
=052  \\$aG7823.S43
=052  \\$a7823$bS43
=090  \\$aG7823.S43 1749$b.V5
=245  00$aVilles de la province de Chensi =$bSteden van 't Landschap Shensi of Shansi /$cJ.V. Schley, direx.
=246  31$aSteden van 't Landschap Shensi of Shansi
=255  \\$aScale not given.
=260  \\$a[Hague :$bPierre de Hondt,$c1749]
=300  \\$a2 maps on 1 sheet ;$csheet 28 x 44.
=500  \\$aRelief shown pictorially.
=500  \\$aAppears in A. F. Prévost's "Histoire générale des voyages" Hague, Pierre Hondt, 1747-1767. 21 v. (v. 7, p. 455)
=530  \\$aAlso available online.
=650  \0$aCities and towns$zChina$zShanxi Sheng$vMaps$vEarly works to 1800.
=651  \0$aShanxi Sheng (China)$vMaps$vEarly works to 1800.
=700  1\$aSchley, Jacobus van der,$d1715-1779.
=700  1\$aPrévost,$cabbé,$d1697-1763.$tHistoire générale des voyages.
=830  \0$aHarvard Map Collection digital maps.$pChina.$pShanxi Sheng$5net
=900  \\$a012520753
=998  \\$aNO-OVERLAY

