=LDR  01297nem a22003014a 4500
=001  990125207940203941
=005  20110201145159.0
=008  100629s1749\\\\fr\i\\\\\|a||\\|0|\\fre\d
=034  0\$aa
=035  \\$a(MH)012520794HVD01-Aleph
=035  \\$a(OCoLC)645664230
=052  \\$a7824$bH2
=090  \\$aG7824.H2 1749$b.P5
=245  00$aPlan de la ville de Hang-Tcheou-Fou ou Hang-Chew-Fu, capitale de la province de Che-kiang :$btiré du P. du Halde /$cJ.V. Schley direx.
=246  13$iDutch title outside the neat line:$aGrondtekening der Stad Hang-Tcheou-Fou, of Hang-Chew-Fu, hoofstad des landschaps Che-Kiang
=255  \\$aScale not given.
=260  \\$a[Hague :$bPierre de Hondt,$c1749]
=300  \\$a1 map ;$c19 x 16 cm.
=500  \\$aRelief shown pictorially.
=500  \\$aAppears in: Antoine François Prévost "L'Histoire générale des voyages". Hague : Pierre de Hondt, 1747-1767. 21 vols. (v.7, p. 431).
=530  \\$aAlso available online.
=651  \0$aHangzhou (China)$vMaps$vEarly works to 1800.
=700  1\$aHondt, Pieter de.
=700  1\$aSchley, Jacobus van der,$d1715-1779.
=700  1\$aPrévost,$cabbé,$d1697-1763.$tHistoire générale des voyages.
=830  \0$aHarvard Map Collection digital maps.$pChina.$pHangzhou.$5net
=900  \\$a012520794
=998  \\$aNO-OVERLAY

