=LDR  01914nem a22003734a 4500
=001  990125228820203941
=005  20110311191122.0
=008  100706s1749\\\\ne\i\\\\\|a||\\|0|\\fre\d
=034  0\$aa
=035  \\$a(MH)012522882HVD01-Aleph
=035  \\$a(OCoLC)646404206
=052  \\$a7822$bG75
=090  \\$aG7822.G75 1749$b.B4
=100  1\$aBellin, Jacques Nicolas,$d1703-1772.
=245  10$aPlan de Long-men-hien :$bprès de la Grande muraille, dependant de Suen hoa fu = Grondtékening van Long-men-hien : by de Groote Muur, onderhoorig aan Suen-hoa-fu ; Plan d'une Partie de la Grande Muraille : du costé de Yung-ping-fu, soutenue par diverses places de Guerre = Grondtékening van een gedeelte der Groote muur : omtrent Yong-ping-fu, ondersteund van verscheide sterktens /$cJ.V. Schley direx.
=246  31$aGrondtékening van Long-men-hien
=246  33$aPlan d'une Partie de la Grande Muraille
=246  33$aGrondtékening van een gedeelte der Groote muur
=255  \\$aScale not given.
=260  \\$a[Hague :$bPierre de Hondt,$c1749]
=300  \\$a2 maps on 1 sheet;$c12 x 16 cm or smaller, sheet 28 x 22 cm.
=500  \\$aRelief shown pictorially.
=500  \\$aAppears in: Antoine François Prévost "L'Histoire générale des voyages". Hague : Pierre de Hondt, 1747-1767. 21 vols. (v.7, p. 478).
=530  \\$aAlso available online.
=651  \0$aGreat Wall of China (China)$vMaps$vEarly works to 1800.
=651  \0$aLongmen Xian (China)$vMaps$vEarly works to 1800.
=651  \0$aYongping Xian (China)$vMaps$vEarly works to 1800.
=700  1\$aHondt, Pieter de.
=700  1\$aSchley, Jacobus van der,$d1715-1779.
=700  1\$aPrévost,$cabbé,$d1697-1763.$tHistoire générale des voyages.
=830  \0$aHarvard Map Collection digital maps.$pChina.$pLongmen Xian$5net
=830  \0$aHarvard Map Collection digital maps.$pChina.$pYongping Xian$5net
=900  \\$a012522882
=998  \\$aNO-OVERLAY

