=LDR  01377nem a22003254a 4500
=001  990125229050203941
=005  20110201144431.0
=008  100706s1749\\\\ne\ei\\\\|a||\\|0|\\fre\d
=034  0\$aa$b51121
=035  \\$a(MH)012522905HVD01-Aleph
=035  \\$a(OCoLC)646404211
=052  \\$a7823$bM2
=090  \\$aG7823.M2 1749$b.B4
=100  1\$aBellin, Jacques Nicolas,$d1703-1772.
=245  10$aPlan de la ville et du port de Macao =$bGrondtékening der stad en haven van Makao /$cpar N.B., Ingr. de la Marine ; J.V. Schley direx.
=246  31$aGrondtékening der stad en haven van Makao
=255  \\$aScale [ca. 1:51,121]. 2400 toises=9.15 cm.
=260  \\$a[Hague :$bPierre de Hondt,$c1749]
=300  \\$a1 map ;$c18 x 17 cm.
=500  \\$aRelief shown pictorially, depth by soundings.
=500  \\$aAppears in: Antoine François Prévost "L'Histoire générale des voyages". Hague : Pierre de Hondt, 1747-1767. 21 vols. (v.7, p. 9).
=530  \\$aAlso available online.
=651  \0$aMacau (China)$vMaps$vEarly works to 1800.
=650  \0$aHarbors$zChina$zMacau$vMaps$vEarly works to 1800.
=700  1\$aHondt, Pieter de.
=700  1\$aSchley, Jacobus van der,$d1715-1779.
=700  1\$aPrévost,$cabbé,$d1697-1763.$tHistoire générale des voyages.
=830  \0$aHarvard Map Collection digital maps.$pChina.$pMacau.$5net
=900  \\$a012522905
=998  \\$aNO-OVERLAY

