=LDR  01842nem a22003974a 4500
=001  990125229150203941
=005  20110325161606.0
=008  011217s1749\\\\ne\i\\\\\\a\\\\\0\\\fre\d
=034  0\$aa$b5000000$dE1200000$eE1300000$fN0442000$gN0322000
=035  \\$a(MH)012522915HVD01-Aleph
=035  \\$a(OCoLC)646404213
=052  \\$a7900
=052  \\$a7823$bL4
=052  \\$a7823$bS4
=090  \\$aG7900 1749$b.B4
=100  1\$aBellin, Jacques Nicolas,$d1703-1772.
=245  10$aCarte de la province de Quan-tong, ou Lyau-tong et du Royaume de Kau-li, ou Corée :$bcopiee sur la carte Angloise /$cJ.V. Schley direx.
=246  13$iDutch title outside the neat line:$aKaart van't Landschap Quan-tong, of Lyau-tong : en van't Koningryk Kau-li, of Korea
=255  \\$aScale [ca. 1:5,000,000]$c(E 120⁰--E 130⁰/N 44⁰20ʹ--N 32⁰20ʹ).
=260  \\$a[Hague :$bPierre de Hondt,$c1749]
=300  \\$a1 map ;$c26 x 21 cm., on sheet 44 x 28 cm.
=500  \\$aRelief shown pictorially.
=500  \\$aPrime meridian: Ferro and Beijing.
=500  \\$aAppears in: Antoine François Prévost "L'Histoire générale des voyages". Hague : Pierre de Hondt, 1747-1767. 21 vols. (v.8, p. 395).
=530  \\$aAlso available online.
=651  \0$aKorea$vMaps$vEarly works to 1800.
=651  \0$aLiaoning Sheng (China)$vMaps$vEarly works to 1800.
=651  \0$aShandong Sheng (China)$vMaps$vEarly works to 1800.
=700  1\$aHondt, Pieter de.
=700  1\$aSchley, Jacobus van der,$d1715-1779.
=700  1\$aPrévost,$cabbé,$d1697-1763.$tHistoire générale des voyages.
=830  \0$aHarvard Map Collection digital maps.$pKorea.$5net
=830  \0$aHarvard Map Collection digital maps.$pChina.$pLiaoning Sheng.$5net
=830  \0$aHarvard Map Collection digital maps.$pChina.$pShandong Sheng.$5net
=900  \\$a012522915
=998  \\$aNO-OVERLAY

