=LDR  02189nem a22004094a 4500
=001  990125229630203941
=005  20110325160809.0
=008  050506s1853\\\\enke\\\\\\a\\\\\1\\\eng\d
=034  1\$aa
=035  \\$a(MH)012522963HVD01-Aleph
=035  \\$a(OCoLC)646404216
=052  \\$a7822$bP4
=052  \\$a7824$bG815
=052  \\$a7822$bH63
=052  \\$a7823$bM2
=090  \\$aG7822.P4 1853$b.B4
=100  1\$aBelcher, Edward,$cSir,$d1799-1877.
=245  10$aCanton and its approaches, Macao and Hong Kong /$c[based on the surveys of Edward Belcher].
=255  \\$aScales differ.
=260  \\$aLondon :$bGeorge Cox,$cJan. 1st 1853.
=300  \\$a3 maps on 1 sheet :$bhand col. ;$csheet 36 x 43 cm.
=500  \\$aMap presented in four segments showing different aspects of the Guangzhou Region in China. The first section is a map of Macao Island with a small inset of the city of Hong Kong ; the next map is of the Pearl River as it runs from Macao Island and Lantao [i.e. Lantau] to Canton [i.e. Guangzhou] and covering the whole Pearl River Delta ; the last and largest segment shows an outline of the city of Canton [i.e. Guangzhou]. Relief is shown of depth soundings in fathoms.
=500  \\$aAppears in: General atlas published under the superintendence of the Society for the Diffusion of Useful Knowledge ... London : G. Cox, 1853. (2 v.) [v.2, map no 170a]
=500  \\$aAt bottom right side of sheet: 170a.
=500  \\$aInset on Macao map: Hong Kong / surveyed by Captn. Sir E. Belcher, R.N.
=530  \\$aAlso available online.
=650  \0$aNautical charts$zChina$zPearl River Estuary.
=651  \0$aGuangzhou Shi (China)$vMaps.
=651  \0$aMacau (China)$vMaps.
=651  \0$aHong Kong (China)$vMaps.
=710  2\$aSociety for the Diffusion of Useful Knowledge (Great Britain).$tGeneral atlas --
=830  \0$aHarvard Map Collection digital maps.$pChina.$pPearl River Estuary.$5net
=830  \0$aHarvard Map Collection digital maps.$pChina.$pGuangzhou Shi.$5net
=830  \0$aHarvard Map Collection digital maps.$pChina.$pMacau.$5net
=830  \0$aHarvard Map Collection digital maps.$pChina.$pHong Kong.$5net
=900  \\$a012522963
=998  \\$aNO-OVERLAY

