=LDR  01472nem a22003254a 4500
=001  990125230640203941
=005  20110509140146.0
=008  100706q178u\\\\enkde\\\\|a||\\|0|\\eng\d
=034  1\$aa$b70684
=035  \\$a(MH)012523064HVD01-Aleph
=035  \\$a(OCoLC)646404222
=052  \\$a7822$bT27
=052  \\$a7823$bM2
=090  \\$aG7822.T27 178-$b.H6
=100  1\$aHogg, Alexander,$dactive 1778-1819.
=245  10$aSketch of the Typa and Macao :$bTypa, lat. 22°9 N, lon. 113°48 E, varn. 0.19 W. 1780 : it was high water on the full and change of the moon at 5 h. 15 m in the Typa and at 5.50 in Macao Harbour, the greatest rise 6 feet /$c[Grainger, sc.]
=255  \\$aScale [ca. 1:70,684]
=260  \\$a[London :$bAlexr. Hogg,$c178-]
=300  \\$a1 map :$bhand col. ;$c25 x 21 cm.
=500  \\$aRelief is shown by hachures and depth by soundings.
=500  \\$aText providing navigational directions entitled: References.
=530  \\$aAlso available online.
=651  \0$aTaipa Island (China)$vMaps$vEarly works to 1800.
=651  \0$aMacau (China : Special Administrative Region)$vMaps$vEarly works to 1800.
=650  \0$aNautical charts$zChina$zMacau (Special Administrative Region)$vEarly works to 1800.
=700  1\$aGrainger, W.,$cEnglish,$dactive 1784-1793.
=830  \0$aHarvard Map Collection digital maps.$pChina.$pTaipa Island$5net
=830  \0$aHarvard Map Collection digital maps.$pChina.$pMacao$5net
=900  \\$a012523064
=998  \\$aNO-OVERLAY

