=LDR  00830nem a22002534a 4500
=001  990125230740203941
=005  20110408191216.0
=008  100706s1790\\\\gw\i\\\\\|a||\\|0|\\ger\d
=034  1\$a5000000
=035  \\$a(MH)012523074HVD01-Aleph
=035  \\$a(OCoLC)646404224
=052  \\$a7823$bT5
=090  \\$aG7823.T5 1790$b.C3
=245  00$aCarte von Tibet :$bnach den neuesten Nachrichten entworfen.
=255  \\$aScale [ca. 1:5,000,000].
=260  \\$a[Leipzig? :$bs.n.],$c1790.
=300  \\$a1 map :$bhand col. ;$c31 x 46 cm.
=500  \\$aRelief shown pictorially.
=500  \\$aPrime meridian: London.
=530  \\$aAlso available online.
=651  \0$aTibet Autonomous Region (China)$vMaps$vEarly works to 1800.
=830  \0$aHarvard Map Collection digital maps.$pChina.$pTibet$5net
=900  \\$a012523074
=998  \\$aNO-OVERLAY

