=LDR  01506nem a22002894a 4500
=001  990125230870203941
=005  20110325160240.0
=008  961105s1738\\\\gw\i\\\\\\a\\\\\0\\\lat\d
=034  1\$aa$b5250000$dE1000000$eE1250000$fN0440000$gN0180000
=035  \\$a(MH)012523087HVD01-Aleph
=035  \\$a(OCoLC)961834287
=052  \\$a7820
=090  \\$aG7820 1738$b.H3
=100  1\$aHase, Johann Matthias,$d1684-1742.
=245  10$aRegni Sinae vel Sinae propriae mappa et descriptio geographica :$bex mappis particularibus, quas Sinarum rex Canghi opera patrum missionariorum é S.I. in provincias regni universi ejus rei gratia ablegatorum concinnari fecit, perfecta, publicoque primum communicata in opere magnificentissimo R.P. du Halde, et ab Anvillaeo gall. reg. geographo in compendiosiorem hanc formam reducta, nunc secundum magis legitimas projectionis stereographicae leges reformata /$cstudio Ioh. Matth. Hasii, math. p.p.
=255  \\$aScale [ca. 1:5,250,000].$cE 100°-E 125°/N 44°-N 18°
=260  \\$a[Nürnberg] :$bimpensis Homanianorum Heredum,$c[1738?]
=300  \\$a1 map :$bhand col. ;$c56 x 50 cm.
=500  \\$aPrime meridian: Ferro.
=530  \\$aAlso available online.
=651  \0$aChina$vMaps$vEarly works to 1800.
=700  1\$aAnville, Jean Baptiste Bourguignon d',$d1697-1782.
=700  1\$aDu Halde, J.-B.$q(Jean-Baptiste),$d1674-1743.
=710  2\$aHomann Erben (Firm)
=830  \0$aHarvard Map Collection digital maps.$pChina.$5net
=900  \\$a012523087
=998  \\$aNO-OVERLAY

