=LDR  01417nem a2200385 a 4500
=001  990125241400203941
=005  20100708111951.0
=008  060816s1892\\\\nyud\\\\\\a\\\\\1\\\eng\\
=010  \\$a^^2006458439
=034  1\$aa$b10000000$dE0950000$eE1300000$fN0400000$gN0000000
=035  \\$a(MH)012524140HVD01-Aleph
=035  \\$a(OCoLC)71207252
=040  \\$aDLC$cDLC
=050  00$aG7820 1892$b.R2
=052  \\$a7820
=052  \\$a8000
=052  \\$a8030
=110  2\$aRand McNally and Company
=245  10$aRand McNally & Co's., Indexed Atlas of the World :$bmap of China, Indo-China, and part of Malaysia.
=246  30$aMap of China, Indo-China, and part of Malaysia
=255  \\$aScale [ca. 1:10,000,000]$c(E 100⁰--E 125⁰/N 40⁰-N 0⁰).
=260  \\$aNew York :$bRand McNally,$c[1892]
=300  \\$a1 map :$bcol. ;$c49 x 32 cm. +$e1 typescript p.
=500  \\$aRelief shown by hachures.
=500  \\$aIncludes index on verso.
=500  \\$aTypescript page provides additional information on hand drawn additions to the map.
=651  \0$aChina$vMaps.
=651  \0$aIndochina$vMaps.
=651  \0$aMalaysia$vMaps.
=650  \0$aRailroads$zChina$vMaps.
=830  \0$aHarvard Map Collection digital maps.$pChina.$5net
=830  \0$aHarvard Map Collection digital maps.$pIndochina.$5net
=830  \0$aHarvard Map Collection digital maps.$pMalaysia.$5net
=900  \\$a012524140
=998  \\$aNO-OVERLAY

