=LDR  00876nem a22002894a 4500
=001  990125242900203941
=005  20110325150710.0
=008  100708s1808\\\\enki\\\\\|a||\\|0|\\eng\d
=034  1\$aa$b9600000
=035  \\$a(MH)012524290HVD01-Aleph
=035  \\$a(OCoLC)648096495
=052  \\$a7810
=052  \\$a7900
=090  \\$aG7810 1808$b.L6
=110  2\$aLongman & Co.
=245  10$aChina /$cNeele sculpt.
=255  \\$aScale [ca. 1:9,600,000].
=260  \\$aLondon :$bLongman & Co, Paternoster Row,$cJany. 1, 1808.
=300  \\$a1 map :$bhand col. ;$c33 x 37 cm.
=530  \\$aAlso available online.
=651  \0$aChina$vMaps.
=651  \0$aKorea$vMaps.
=700  1\$aNeele, Samuel John,$d1758-1824
=830  \0$aHarvard Map Collection digital maps.$pChina.$5net
=830  \0$aHarvard Map Collection digital maps.$pKorea.$5net
=900  \\$a012524290
=998  \\$aNO-OVERLAY

