=LDR  01305nem a22003254a 4500
=001  990125242970203941
=005  20110921141445.0
=008  050609s1841\\\\gw\\\\\\\\a\\\\\0\\\ger\d
=034  1\$aa$b6500000$dE0860500$eE1350600$fN0535800$gN0205500
=035  \\$a(MH)012524297HVD01-Aleph
=035  \\$a(OCoLC)556897720
=052  \\$a7821
=052  \\$a7900
=090  \\$aG7821.F7 1841$b.R6
=100  1\$aRoost, J. B.
=245  10$aKarte von China mit dessen Eintheilung in 18 Provinzen /$cnach den neuesten u. zuverlässigsten Materialien entworfen, gezeichnet und bearbeitet von J. B. Roost ; in Stein grawirt v. D. Grasmüller.
=255  \\$aScale 1:6,500,000$c(E 86°5' - E 135°6' / N 53°58' - N 20°55')
=260  \\$aMünchen :$bVerlag der liter. artist. Anstalt der L.G. Cotta'schen Buchhandlung,$c1841.
=300  \\$a1 map :$bhand col. ;$c39 x 51 cm.
=500  \\$aPrime meridian: Ferro.
=530  \\$aAlso available online.
=651  \0$aChina$xAdministrative and political divisions$vMaps.
=651  \0$aChina$vMaps.
=651  \0$aKorea$vMaps.
=710  2\$aJ.G. Cotta'sche Buchhandlung.
=700  1\$aGrasmüller, D.
=830  \0$aHarvard Map Collection digital maps.$pChina.$5net
=830  \0$aHarvard Map Collection digital maps.$pKorea.$5net
=900  \\$a012524297
=998  \\$aNO-OVERLAY

