=LDR  01499cem a2200385Ia 4500
=001  990125243940203941
=005  20130311144536.0
=008  810529s168u\\\\ne\i\\\\\\a\\\\\0\\\lat\d
=034  1\$aa$b15000000
=035  \\$a(MH)012524394HVD01-Aleph
=035  \\$a(OCoLC)7458464
=040  \\$aJNA$cJNA$dOCL$dOCLCQ$dOCLCG
=052  \\$a7270
=052  \\$a7820
=052  \\$a7960
=090  \\$aG7270 1680$b.W5
=100  1\$aWit, Frederik de.
=245  10$aTabula Tartariae et majoris partis regni Chinae /$cedita a F. de Wit ; Lhuilier fecit.
=255  \\$aScale [ca. 1:15,000,000].
=260  \\$aAmsterdam :$b[N. Visscher,$c168-]
=300  \\$a1 map :$bhand col. ;$c42 x 54 cm.
=500  \\$aRelief shown pictorially.
=500  \\$a"Gedruckt t'Amsterdam by Frederick de Wit voor aen inde Calverstraet by den Dam inde Witte Puscaart".
=500  \\$aAppears in N. Visscher's Atlas minor sive geographia compendiosa, 1684?
=530  \\$aAlso available online.
=651  \0$aSiberia (Russia)$vMaps$vEarly works to 1800.
=651  \0$aChina$vMaps$vEarly works to 1800.
=651  \0$aJapan$vMaps$vEarly works to 1800.
=700  1\$aVisscher, Nicolaes,$d1618-1679.$tAtlas minor sive geographia compendiosa.
=700  1\$aLuillier, J.
=830  \0$aHarvard Map Collection digital maps.$pRussia (Federation).$pSiberia.$5net
=830  \0$aHarvard Map Collection digital maps.$pChina.$5net
=830  \0$aHarvard Map Collection digital maps.$pJapan.$5net
=900  \\$a012524394
=998  \\$aNO-OVERLAY

