=LDR  01294cem a2200301Ia 4500
=001  990125244520203941
=005  20100708143310.0
=008  810528s1657\\\\ne\i\\\\\\a\\\\\0\\\lat\d
=034  1\$aa$b6000000
=035  \\$a(MH)012524452HVD01-Aleph
=035  \\$a(OCoLC)7454099
=040  \\$aJNA$cJNA$dOCL$dOCLCQ$dOCLCG
=050  \4$aG7810 1657$b.L6
=052  \\$a7810
=100  1\$aLoon, J. van,$dapproximately 1611-1686
=245  10$aImperii Sinarum nova descriptio /$cauctore Joh. van Loon.
=255  \\$aScale [ca. 1:6,000,000].
=260  \\$a[Amstelodami :$bApud Ioannem Ianssonium,$c1657?]
=300  \\$a1 map :$bhand col. ;$c46 x 51 cm.
=500  \\$aRelief shown pictorially.
=500  \\$aFrom Jansson's Nieuwen atlas, Ofte Vverelt-beschrijvinge, vertonende de voornaemste Rijcken ende landen des gheheelen Aerdt-bodems. Amstelodami : Apud Ioannem Ianssonium, 1657-1687. 6 vols. [v. 3, map no. 78]
=651  \0$aChina$vMaps$vEarly works to 1800.
=651  \0$aKorea$vMaps$vEarly works to 1800.
=700  1\$aJansson, Jan,$d1588-1664.$tNieuwen atlas, Ofte Vverelt-beschrijvinge, vertonende de voornaemste Rijcken--
=830  \0$aHarvard Map Collection digital maps.$pChina.$5net
=830  \0$aHarvard Map Collection digital maps.$pKorea.$5net
=900  \\$a012524452
=998  \\$aNO-OVERLAY

