=LDR  02024cem a2200469Ia 4500
=001  990125244810203941
=005  20190701165113.0
=008  011018s1626\\\\enki\\\\\\a\\\\\0\\\eng\d
=034  1\$aa$b5000000$dE1050000$eW1730000$fN0623000$gN0153000
=035  \\$a(MH)012524481HVD01-Aleph
=035  \\$a(OCoLC)48169039
=040  \\$aCSL$cCSL$dOCLCQ$dCSL$dOCLCQ$dOCLCG
=043  \\$aa-cc---$aa-br---$aa-cc-mh$aa-cc-pe
=052  \\$a7810
=090  \\$aG7810 1626$b.S6
=100  1\$aSpeed, John,$d1552?-1629.
=245  14$aThe kingdome of China /$cnewly augmented by I.S.
=246  3\$aKingdom of China
=246  3\$aDescription of the Kingdome of China
=255  \\$aScale ca. 1:15,000,000$c(E 105⁰--W 173⁰/N 62⁰30ʹ--N 15⁰30ʹ).
=260  \\$a[London] :$bAre to be sold in Popshead Alley by G. Humble,$c1626.
=300  \\$a1 map :$bhand col. ;$c35 x 43 cm., on sheet 42 x 56 cm.
=500  \\$aRelief shown pictorially.
=500  \\$aText title on map verso: Description of the Kingdome of China.
=500  \\$aVignettes (clockwise form left): The manner of their travelling by land -- Macao -- Quinzay -- The manner of their execution -- A Chinian men -- A Chinien men -- A soldier of Japan -- A woman of Pegu -- A men of Pegu -- A soldier of Japan -- A Chinien women.
=500  \\$aKorea referred to as "The Ile Corea."
=500  \\$aIncludes depictions of a junk, a masted sailing vessel, and a sea creature.
=522  \\$aChina.
=522  \\$aKorea.
=522  \\$aJapan.
=522  \\$aBurma.
=530  \\$aAlso available online.
=651  \0$aChina$vMaps$vEarly works to 1800.
=651  \0$aJapan$vMaps$vEarly works to 1800.
=651  \0$aPegu (Burma)$vPictorial works.
=651  \0$aMacau (China)$vPictorial works.
=651  \0$aHangzhou (China)$vPictorial works.
=700  1\$aHumble, George,$d-1640$ebookseller.
=830  \0$aHarvard Map Collection digital maps.$pChina.$5net
=830  \0$aHarvard Map Collection digital maps.$pJapan.$5net
=900  \\$a012524481
=998  \\$aNO-OVERLAY

