=LDR  01316cem a2200337 a 4500
=001  990125245110203941
=005  20111020135016.0
=008  061218s1656\\\\fr\i\\\\\\a\\\\\0\\\fre\\
=010  \\$a^^2006635537
=034  1\$aa$b9500000
=035  \\$a(MH)012524511HVD01-Aleph
=035  \\$a(OCoLC)244148299
=040  \\$aDLC$cDLC
=050  00$aG7820 1656$b.S2
=052  \\$a7820
=100  1\$aSanson, Nicolas,$d1600-1667
=245  13$aLa Chine royaume :$bcette carte n'est quin abrege d'une autre tres belle, fort grande, et fort particuliere ... /$cpar N. Sanson d'Abbeville ; Johannes Somer Pruthenus sculpsit.
=255  \\$aScale [ca. 1:9,500,000].
=260  \\$aA Paris :$bChez Pierre Mariette,$c1656.
=300  \\$a1 map :$bhand col., ill. ;$c40 x 52 cm.
=500  \\$aRelief shown pictorially.
=500  \\$aPrime meridian: Azores?
=500  \\$a"Avec privilege du roy. Renouvellé pour vingt ans 1679."
=500  \\$aAppears in Sanson's Cartes generales de toutes les parties du monde, 1658.
=530  \\$aAlso available online.
=651  \0$aChina$vMaps$vEarly works to 1800.
=700  1\$aSanson, Nicolas,$d1600-1667.$tCartes générales de toutes les parties du monde.
=700  1\$aSomer, J.
=830  \0$aHarvard Map Collection digital maps.$pChina.$5net
=900  \\$a012524511
=998  \\$aNO-OVERLAY

