=LDR  01479nem a22003854a 4500
=001  990125245320203941
=005  20110329113656.0
=008  080827s1635\\\\ne\i\\\\\\a\\\\\0\\\lat\d
=034  1\$aa$b11750000
=035  \\$a(MH)012524532HVD01-Aleph
=035  \\$a(OCoLC)841569657
=052  \\$a7810
=052  \\$a7960
=052  \\$a7900
=090  \\$aG7810 1635$b.B5
=100  1\$aBlaeu, Willem Janszoon,$d1571-1638.
=245  10$aChina veteribus Sinarum Regio nunc incolis Tame dicta.
=255  \\$aScale [ca. 1:11,750,000].
=260  \\$aAmsterdam :$bGuiljelmus et Johannes Blaeu,$c1635.
=300  \\$a1 map :$bhand col. ;$c39 x 48 cm.
=500  \\$aRelief shown pictorially.
=500  \\$aDedicated to D. Theodoro Bas.
=500  \\$aVerso: Description of China in Latin.
=500  \\$aFrom Theatrum orbis terrarum, sive atlas novus. Amsterdam : apud Guiljelmum et Iohannem Blaeu, 1635. 2 v. [v. 2, map no. 188].
=530  \\$aAlso available online.
=651  \0$aChina$vMaps$vEarly works to 1800.
=651  \0$aJapan$vMaps$vEarly works to 1800.
=651  \0$aKorea$vMaps$vEarly works to 1800.
=700  1\$aBlaeu, Willem Janszoon,$d1571-1638.$tTheatrum orbis terrarum, sive, Atlas novus.
=700  1\$aBlaeu, Joan,$d1596-1673
=830  \0$aHarvard Map Collection digital maps.$pChina.$5net
=830  \0$aHarvard Map Collection digital maps.$pJapan.$5net
=830  \0$aHarvard Map Collection digital maps.$pKorea.$5net
=900  \\$a012524532
=998  \\$aNO-OVERLAY

