=LDR  01207nem a22003134a 4500
=001  990125701610203941
=005  20100916122900.0
=008  061031s1898\\\\enkd\\\\\\a\\\\\0\\\eng\\
=034  1\$aa$b6989600$dE0640000$eE1520000$fN0520000$gN0120000
=035  \\$a(MH)012570161HVD01-Aleph
=035  \\$a(OCoLC)74723382
=040  \\$aNOC$cNOC
=090  \\$aG7820 1898$b.S8
=100  1\$aStanford, Edward,$d1827-1904.
=245  10$aStanford's map of the empires of China and Japan with the adjacent parts of the Russian empire, India, Burma &c.
=246  30$aEmpires of China and Japan
=255  \\$aScale 1:6,989,600. 110 English statute miles to 1 in.$c(E 64⁰--E 152⁰/N 52⁰-N 12⁰).
=260  \\$aLondon :$bE. Stanford,$c1898.
=300  \\$a1 map :$bcol. ;$c65 x 100 cm., fold. to 18 x 12 cm.
=500  \\$aRelief shown by hachures.
=500  \\$aMounted on linen.
=500  \\$aFolded title: Stanford's map of China & Japan.
=651  \0$aChina$vMaps.
=651  \0$aJapan$vMaps.
=740  02$aStanford's map of China & Japan.
=830  \0$aHarvard Map Collection digital maps.$pChina.$5net
=830  \0$aHarvard Map Collection digital maps.$pJapan.$5net
=900  \\$a012570161
=998  \\$aNO-OVERLAY

