=LDR  01064cem a2200325Ii 4500
=001  990125702550203941
=005  20150711022120.0
=008  790123s1840\\\\enk\\\\\\\a\\\\\0\\\eng\d
=034  1\$aa$b15000000
=035  \\$a(MH)012570255HVD01-Aleph
=035  \\$a(OCoLC)4577124
=040  \\$aCOO$cCOO$dOCL$dOCLCQ$dOCLCG
=045  \\$aw4w4
=052  \\$a7811
=052  \\$a7900
=090  \\$aG7811.F7 1840$b.W9
=100  1\$aWyld, James,$d1812-1887.
=245  10$aMap of China :$bcompiled from original surveys and sketches /$cby James Wyld.
=255  \\$aScale [ca. 1:15,000,000].
=260  \\$aLondon :$bJas. Wyld,$c1840.
=300  \\$a1 map :$bcol. ;$c60 x 78 cm.
=530  \\$aAlso available online.
=651  \0$aChina$vMaps.
=651  \0$aChina$xAdministrative and political divisions$vMaps.
=651  \0$aKorea$vMaps.
=730  0\$aChina, trade, politics & culture, 1793-1980.$5net
=830  \0$aHarvard Map Collection digital maps.$pChina.$5net
=830  \0$aHarvard Map Collection digital maps.$pKorea.$5net
=900  \\$a012570255
=998  \\$aNO-OVERLAY

