=LDR  02365cem a2200529Ma 4500
=001  990125702940203941
=005  20190708163617.0
=007  aj#canzn
=008  970416s1749\\\\gw\i\\\\\\a\\\\\0\\\lat\d
=034  1\$aa$b5250000
=035  \\$a(OCoLC)665144139
=040  \\$aHLS$beng$cHLS$dOCLCQ$dOCLCF$dOCLCO$dOCLCQ$dOCLCA$dHLS
=043  \\$aa-cc---$aa-kr---$aa-ja---
=050  \4$aG7810 1749$b.M3
=052  \\$a7810
=052  \\$a7900
=052  \\$a7960
=100  1\$aMayer, Tobias,$d1723-1762.
=242  10$6880-01$aZhongguo Dada di li di tu$ychi
=880  10$6242-01$a中国鞑靼地理地图$ychi
=245  10$aTatariae Sinensis mappa geographica :$bex Tabulis specialibus RRPP Iesuitarum nec non Relationibus R.P. Gerbillon /$cper Dom d'Anville ... primum A° 1732 nunc se ; nunc secundum LL. projectionis stereographicae in usum translationis Germanicae Historiae Sinens. Haldianae descripta per Tobiam Mayer.
=246  1\$iFrench title above the neat line:$aCarte generale de la Tatarie chinoise et des rojaumes de Corée et de Iapan
=255  \\$aScale [ca. 1:5,250,000].
=260  \\$a[Nuremberg] :$bCuris Homannianorum Heredum,$c[1749?]
=300  \\$a1 map on 2 sheets :$bhand colored ;$ceach 49 x 39 cm, sheets 68 x 58 cm
=336  \\$acartographic image$bcri$2rdacontent
=337  \\$aunmediated$bn$2rdamedia
=338  \\$asheet$bnb$2rdacarrier
=500  \\$aRelief shown pictorially.
=507  \\$aScale given in Japanese miles.
=500  \\$aThis edition lacks imperial privilege.
=651  \0$aChina$vMaps$vEarly works to 1800.
=651  \0$aKorea$vMaps$vEarly works to 1800.
=651  \0$aJapan$vMaps$vEarly works to 1800.
=651  \7$aChina$2fast$0(OCoLC)fst01206073
=651  \7$aJapan$2fast$0(OCoLC)fst01204082
=651  \7$aKorea$2fast$0(OCoLC)fst01206434
=655  \7$aEarly works$2fast$0(OCoLC)fst01411636
=655  \7$aMaps$2fast$0(OCoLC)fst01423704
=700  1\$aAnville, Jean Baptiste Bourguignon d',$d1697-1782.
=830  \0$aHarvard Map Collection digital maps.$pChina.
=830  \0$aHarvard Map Collection digital maps.$pKorea.
=830  \0$aHarvard Map Collection digital maps.$pJapan.
=830  \0$aHarvard Map Collection digital maps.$pChina.$5net
=830  \0$aHarvard Map Collection digital maps.$pKorea.$5net
=830  \0$aHarvard Map Collection digital maps.$pJapan.$5net
=900  \\$a012570294

