=LDR  01168nem a22003014a 4500
=001  990125704180203941
=005  20100916152556.0
=008  100916s1831\\\\enke\\\\\|a|||\|0|\\eng\d
=034  0\$aa
=035  \\$a(MH)012570418HVD01-Aleph
=035  \\$a(OCoLC)665144171
=052  \\$a7822$bP4
=090  \\$aG7822.P4 1831$b.H6
=100  1\$aHorsburgh, James.
=245  10$aTo Chas. Majoribanks esq.re and the other members of the hon.ble East India Company's factory at Canton, this Chart of Choo Keang or Canton river, is inscribed ... by James Horsburgh.
=246  30$aChart of Choo Keang or Canton river
=255  \\$aScale not given.
=260  \\$a[London] :$bJames Horsburgh,$cJuly 1st, 1831.
=300  \\$a1 map :$c99 x 64 cm.
=500  \\$aDepth shown by soundings.
=500  \\$aGreenwich meridian.
=500  \\$aIncludes inset of Pearl River segment from the Whampoa pagoda to See Chow (Small pagoda).
=651  \0$aPearl River (China)$vMaps.
=650  \0$aRiver surveys$zChina$zPearl River.
=651  \0$aPearl River Delta (China)$vMaps.
=830  \0$aHarvard Map Collection digital maps.$pChina.$pPearl River$5net
=900  \\$a012570418
=998  \\$aNO-OVERLAY

