=LDR  01126nem a22003254a 4500
=001  990125721330203941
=005  20110517093629.0
=008  020816s1888\\\\enkdg\\\\\a\\\\01\\\eng\d
=034  1\$aa$b21453
=035  \\$a(MH)012572133HVD01-Aleph
=035  \\$a(OCoLC)665144487
=052  \\$a7822$bH63
=052  \\$a7824$bK6
=090  \\$aG7822.H63 1888$b.E3
=110  2\$aEdward Stanford Ltd.
=245  10$aMap of Hong Kong with British Kowloon.
=255  \\$aScale [ca. 1:21,453], 2 in.=1 statute mile.
=260  \\$aLondon :$bStanford's Geographical Estabt. ;$aHongkong :$bHonkong Almanack,$c1888.
=300  \\$a1 map :$bcol. ;$c50 x 69 cm.
=500  \\$aRelief shown by hachures and spot heights.
=530  \\$aAlso available online.
=500  \\$aPrime meridian Greenwich.
=500  \\$aIncludes index.
=651  \0$aHong Kong Island (China)$vMaps.
=651  \0$aKowloon (China)$vMaps.
=740  0\$aHonkong Almanack
=830  \0$aHarvard Map Collection digital maps.$pChina.$pHong Kong Island.$5net
=830  \0$aHarvard Map Collection digital maps.$pChina.$pKowloon.$5net
=900  \\$a012572133
=998  \\$aNO-OVERLAY

