=LDR  00907nem a22002654a 4500
=001  990125784040203941
=005  20110517093918.0
=008  100928s1849\\\\cc\d\\\\\|a||\\|0|\\eng\d
=034  1\$aa$b6626
=035  \\$a(MH)012578404HVD01-Aleph
=035  \\$a(OCoLC)667618221
=052  \\$a7824$bS2
=090  \\$aG7824.S2 1849$b.B8
=110  2\$aBull, Nye & Co.
=245  10$aMap of Shanghae, April 1849 :$bforeign residences /$clithographed by Geo. Snyder, New York.
=255  \\$aScale [ca. 1:6,626], 9.2 cm=2000 ft.
=260  \\$aShanghai :$bBull, Nye & Co., [1849?]
=300  \\$a1 map :$bhand col. ;$csheet 55 x 41 cm.
=500  \\$aRelief shown by hachures.
=530  \\$aAlso available online.
=651  \0$aShanghai (China)$vMaps
=650  \0$aAliens$zChina$zShanghai$xDwellings$vMaps.
=830  \0$aHarvard Map Collection digital maps.$pChina.$pShanghai.$5net
=900  \\$a012578404
=998  \\$aNO-OVERLAY

