=LDR  01797nem a22003974a 4500
=001  990125797190203941
=005  20101008192244.0
=008  050426s1747\\\\ne\i\\\\\\a\\\\\0\\\fre\d
=034  1\$aa 11250000
=035  \\$a(MH)012579719HVD01-Aleph
=035  \\$a(OCoLC)669134715
=052  \\$a7810
=052  \\$a7900
=052  \\$a7960
=090  \\$aG7960 1747$b.B4
=100  1\$aBellin, Jacques Nicolas,$d1703-1772.
=245  10$aCarte des isles du Japon et la presqu'isle de Coree, avec les costes de la Chine depuis Pekin jusqu'a Canton /$cpar N. Bellin, Ingr. de la Marine ; J.V. Schley, direx.
=246  13$aKaart van de Eilanden van Japan, en van't Half-Eiland Koréa, met de Kusten van China van Pekin tot Canton
=255  \\$aScale [ca. 1:11,250,000].
=260  \\$a[Hague :$bPierre de Hondt,$c1747?]
=300  \\$a1 map ;$c20 x 27 cm.
=500  \\$aRelief shown pictorially.
=500  \\$aPrime meridian: Ferro.
=500  \\$aDutch title below the map: Kaart van de Eilanden van Japan, en van't Half-Eiland Koréa ; met de Kusten van China van Pekin tot Canton
=520  \\$aMap showing the islands of Japan, the Korean peninsula and the coast of China.
=500  \\$aAppears in: Prevost, Antoine-François "Histoire general de Voyages..". Hague, Pierre de Hondt, 1747-67. 21 vols. (v. 2, p. 372)
=530  \\$aAlso available in on the Web.
=651  \0$aJapan$vMaps$vEarly works to 1800.
=651  \0$aKorea$vMaps$vEarly works to 1800.
=651  \0$aChina$vMaps$vEarly works to 1800.
=700  1\$aSchley, Jacobus van der,$d1715-1779.
=830  \0$aHarvard Map Collection digital maps.$pJapan.$5net
=830  \0$aHarvard Map Collection digital maps.$pKorea.$5net
=830  \0$aHarvard Map Collection digital maps.$pChina.$5net
=900  \\$a012579719
=998  \\$aNO-OVERLAY

