=LDR  02073cem a2200493Ma 4500
=001  990125808010203941
=005  20190708170935.0
=007  aj#canzn
=008  100930s1832\\\\fr\\\\\\\\a\\\\\0\\\fre\d
=034  0\$aa
=035  \\$a(OCoLC)669134767
=040  \\$aHLS$beng$cHLS$dOCLCQ$dOCLCF$dOCLCO$dOCLCQ$dOCLCO$dOCLCA$dHLS
=043  \\$aa-ja---$aa-kr---$aa-cc---
=050  \4$aG7960 1832$b.C3
=052  \\$a7900
=052  \\$a7960
=052  \\$a7820
=245  00$aCarte des Trois Royaumes /$cengraved for the Oriental Translation Fund of Great Britain and Ireland.
=255  \\$aScale not given.
=260  \\$aParis :$bOriental Translation Fund of Great Britain and Ireland,$c1832.
=300  \\$a1 map :$bhand colored ;$c69 x 47 cm
=336  \\$acartographic image$bcri$2rdacontent
=337  \\$aunmediated$bn$2rdamedia
=338  \\$asheet$bnb$2rdacarrier
=500  \\$aAppears in: Rinsifée's Plates and maps to accompany the San kokf tsou ran to sets, ou Aperçu général des trois royaumes. H.J. Klaproth, transl. Paris, 1832.
=500  \\$6880-01$aThe original map made by Hayashi, Shihei( 1738-1793).$5map
=880  \\$6500-01$aThe original map made by 林子平( 1738-1793).$5map
=651  \0$aJapan$vMaps.
=651  \0$aKorea$vMaps.
=651  \0$aChina$vMaps.
=651  \7$aChina$2fast$0(OCoLC)fst01206073
=651  \7$aJapan$2fast$0(OCoLC)fst01204082
=651  \7$aKorea$2fast$0(OCoLC)fst01206434
=655  \7$aMaps$2fast$0(OCoLC)fst01423704
=700  1\$6880-02$aHayashi, Shihei,$d1738-1793.$tSangoku tsūran zusetsu
=880  1\$6700-02$a林子平,$d1738-1793.$t三国通覧輿地路程全図.
=710  2\$aOriental Translation Fund.
=830  \0$aHarvard Map Collection digital maps.$pJapan.
=830  \0$aHarvard Map Collection digital maps.$pKorea.
=830  \0$aHarvard Map Collection digital maps.$pChina.
=830  \0$aHarvard Map Collection digital maps.$pJapan.$5net
=830  \0$aHarvard Map Collection digital maps.$pKorea.$5net
=830  \0$aHarvard Map Collection digital maps.$pChina.$5net
=900  \\$a012580801

