=LDR  01011nem a22003014a 4500
=001  990126273540203941
=005  20101202114641.0
=008  020213s1883\\\\fr\d\\\\\\a\\\\\0\\\fre\d
=034  1\$aa$b724638
=035  \\$a(MH)012627354HVD01-Aleph
=035  \\$a(OCoLC)691122876
=052  \\$a8022$bR4
=052  \\$a7820
=090  \\$aG8022.R4 1883$b.E7
=110  2\$aErhard Bros. (Firm)
=245  10$aTonquin :$bbassin du fleuve Rouge /$cgravé et imprimé par Erhard.
=255  \\$aScale [ca. 1:724,638] 100 km. = 13.8 cm.
=260  \\$aParis :$bimp. de Erhard,$c[1883]
=300  \\$a1 map :$bcol. ;$c67 x 48 cm.
=500  \\$aRelief shown by hachures.
=500  \\$aSupplement to the periodical "Le Temps" (Paris, juin 1883)
=651  \0$aVietnam, Northern$vMaps.
=651  \0$aRed River (China and Vietnam)$vMaps.
=655  \0$aMaps
=730  0\$aTemps (Paris, France : 1829)
=830  \0$aHarvard Map Collection digital maps.$pRed River (China and Vietnam).$5net
=900  \\$a012627354
=998  \\$aNO-OVERLAY

