=LDR  01378nem a2200361Ia 4500
=001  990127644340203941
=005  20110816121134.0
=008  110506s1914\\\\cc\\\\\\\\a\\\\\0\\\chi\d
=034  1\$aa$b2000
=035  \\$a(MH)012764434HVD01-Aleph
=035  \\$a(OCoLC)720641021
=040  \\$aHLS$cHLS
=052  \\$a7824$bS88
=090  \\$aG7824.S88 1914$b.W8
=100  1\$6880-01$aWu, Zhenlin.
=880  1\$6100-01/$a吳振麟.
=245  10$6880-02$aXin ce Suzhou cheng xiang ming xi quan tu /$cdrawn by Wu Chên Lin.
=880  10$6245-02/$a新測蘇州城廂明細全圖 /$cdrawn by Wu Chên Lin.
=246  30$6880-03$aSuzhou cheng xiang ming xi quan tu
=880  30$6246-03/$a蘇州城廂明細全圖
=250  \\$6880-04$aMinguo san nian si yue jiao zheng chong hui.
=880  \\$6250-04/$a民國三年四月校正重繪.
=255  \\$aScale 1:2,000.
=260  \\$6880-05$a[Suzhou] :$bSuzhou tu shu zong hui chu,$cMinguo san nian [1914]
=880  \\$6260-05/$a[蘇州] :$b蘇州圖書總匯處,$c民國三年 [1914]
=300  \\$a1 map. :$bcol. ;$c65 x 59 cm.
=530  \\$aAlso available online.
=651  \0$6880-06$aSuzhou (Jiangsu Sheng, China)$vMaps.
=880  \4$6651-06/$a蘇州 (Jiangsu Sheng, China)$vMaps.
=655  \0$aMaps
=830  \0$aHarvard Map Collection digital maps.$pChina.$pSuzhou (Jiangsu Sheng)$5net
=900  \\$a012764434
=998  \\$aNO-OVERLAY

