=LDR  01305nem a2200373Ia 4500
=001  990128010870203941
=005  20121207151011.0
=008  110610s1916\\\\cc\i\\\\\\a\\\\\0\\\chi\d
=034  0\$aa
=035  \\$a(MH)012801087HVD01-Aleph
=035  \\$a(OCoLC)729866691
=040  \\$aHLS$cHLS
=052  \\$a7822$bW45$bH2
=090  \\$aG7822.W45E635 1916$b.X54
=245  00$6880-01$aZhejiang ming jing sheng ji Xihu zui xin tu.
=880  00$6245-01/$a浙江名景勝跡西湖最新圖.
=246  30$6880-02$aXihu zui xin tu
=880  30$6246-02/$a西湖最新圖
=255  \\$aScale not given.
=260  \\$6880-03$a[Hangzhou] :$bXihu xin ji tu shu she,$cMinguo 5 nian [1916]
=880  \\$6260-03/$a[杭州] :$b西湖鑫記圖書社,$c民國5年 [1916]
=300  \\$a1 map ;$c58 x 63 cm.
=500  \\$aRelief shown pictorially.
=530  \\$aAlso available online.
=651  \0$aWest Lake (China)$vMaps.
=651  \0$aWest Lake (China)$vAerial views.
=651  \0$aHangzhou (China)$vMaps.
=655  \0$aPictorial maps
=710  2\$6880-04$aXihu xin ji tu shu she.
=880  2\$6710-04/$a西湖鑫記圖書社.
=830  \0$aHarvard Map Collection digital maps.$pChina.$pWest Lake
=830  \0$aHarvard Map Collection digital maps.$pChina.$pHangzhou.
=900  \\$a012801087
=998  \\$aNO-OVERLAY

