=LDR  01072cem a2200337Ma 4500
=001  990128011800203941
=005  20110810153617.0
=008  830412s1930\\\\cc\\\\\\\\a\\\\\0\\\eng\d
=034  1\$aa
=035  \\$a(MH)012801180HVD01-Aleph
=035  \\$a(OCoLC)368063725
=040  \\$aUPB$cUBY$dHLS
=052  \\$a7824$bM8
=245  00$aMukden =$bFengtien.
=246  31$aFengtien
=246  1\$6880-01$iTitle on panel:$aMukden = Fengtian
=880  1\$6246-01/$iTitle on panel:$aMukden = 奉天
=246  31$6880-02$aFengtian
=880  31$6246-02/$a奉天
=255  \\$aScale not given.
=260  \\$a[China :$bSouthern Manchuria Railway],$c1930.
=300  \\$a1 map :$bcol. ;$c24 x 34 cm.
=500  \\$aIncludes 18 photographs around border.
=500  \\$aDescription on verso.
=530  \\$aAlso available online.
=651  \0$aShenyang (Liaoning Sheng, China)$vMaps.
=655  \0$aTourist maps.
=710  2\$aSouthern Manchuria Railway.
=830  \0$aHarvard Map Collection digital maps.$pChina.$pShenyang (Liaoning Sheng)
=900  \\$a012801180
=998  \\$aNO-OVERLAY

