=LDR  01451nem a2200373Ka 4500
=001  990128090590203941
=005  20110816112837.0
=008  110617s1930\\\\ja\i\\\\\\a\\\\\0\\\jpn\d
=034  0\$aa
=035  \\$a(MH)012809059HVD01-Aleph
=035  \\$a(OCoLC)731250477
=040  \\$aHLS$cHLS
=052  \\$a7824$bS5$bF77
=090  \\$aG7824.S5A3 1930$b.S5
=100  1\$6880-01$aShinoda, Rokuzō.
=880  1\$6100-01/$a篠田六三.
=245  10$6880-02$aHōten meisho zue :$bfu Bujun meisho /$cShinoda Rokuzō cho.
=880  10$6245-02/$a奉天名所圖繪 :$b附撫順名所 /$c篠田六三著.
=250  \\$6880-03$aSaihan.
=880  \\$6250-03/$a再版.
=255  \\$aScale not given.
=260  \\$6880-04$aHōten [Shenyang, Liaoning Sheng , China] :$bŌtani Naosada,$cShōwa 5-nen [1930]
=880  \\$6260-04/$a奉天 [Shenyang, Liaoning Sheng, China] :$b大谷直定 ,$c昭和5年 [1930]
=300  \\$a1 map :$bcol. ;$c51 x 73 cm.
=500  \\$aRelief shown pictorially.
=530  \\$aAlso available online.
=651  \0$aShenyang (Liaoning Sheng, China)$vAerial views.
=651  \0$aFushun (Liaoning Sheng, China)$vAerial views.
=655  \0$aPictorial maps
=880  \\$6500-00/$a"昭和5年4月10日再版."
=830  \0$aHarvard Map Collection digital maps.$pChina$pShenyang (Liaoning Sheng)$5net
=830  \0$aHarvard Map Collection digital maps.$pChina$pFushun (Liaoning Sheng)$5net
=900  \\$a012809059
=998  \\$aNO-OVERLAY

