=LDR  00950nfm a22003134a 4500
=001  990128162100203941
=005  20120820100628.0
=008  110701s1900\\\\xx\\\\\\\\a\\\\\0\e\eng\d
=034  1\$aa$b160000
=035  \\$a(MH)012816210HVD01-Aleph
=035  \\$a(OCoLC)733929109
=040  \\$aHLS$cHLS
=052  \\$a7824$bS2
=090  \\$aG7824.S2 1900$b.S4
=245  00$a[Shanghai and vicinity].
=255  \\$aScale [1:160,000].
=260  \\$a[S.l. :$bs.n.,$c19--?]
=300  \\$a1 map :$bcol. ;$con sheet 26 x 61 cm.
=500  \\$aTitle supplied by cataloger.
=530  \\$aAlso available online.
=500  \\$aManuscript map.
=650  \0$aRivers$zChina$zShanghai$vMaps.
=651  \0$aShanghai (China)$vMaps
=650  \0$aLakes$zChina$zShanghai$vMaps.
=653  \\$aShanghai Region (China)$aMaps
=655  \0$aManuscript maps.
=830  \0$aHarvard Map Collection digital maps.$pChina.$pShanghai.$5net
=900  \\$a012816210
=998  \\$aNO-OVERLAY

