=LDR  01113nem a2200301Ia 4500
=001  990128750440203941
=005  20110825111659.0
=008  040116s1917\\\\cc\\\\\\\\a\\\\01\\\eng\d
=034  1\$aa$b15000
=035  \\$a(MH)012875044HVD01-Aleph
=035  \\$a(OCoLC)748775171
=052  \\$a7824$bC415
=090  \\$aG7824.C415E635 1917$b.J3
=110  2\$aJapan Tsūrisuto Byūrō.$bDairen Branch.
=245  10$aChangchun (Kwanchengtzu).
=246  30$aKwanchengtzu
=255  \\$aScale 1 : 15,000.
=260  \\$aDairen, [Dalian (Liaoning Sheng, China) :$bJapan Tourist Bureau, Dairen Branch,$c[1917?]
=300  \\$a1 map :$bcol. ;$c43 x 32 cm., sheet 54 x 40 cm.
=500  \\$aIncludes index.
=500  \\$aVerso of map contains tourist information and photographs of notable buildings.
=651  \0$aChangchun (Jilin Sheng, China)$vMaps, Tourist.
=651  \0$aChangchun (Jilin Sheng, China)$xDescription and travel.
=655  \7$aMaps.$2lcgft.
=655  \7$aTourist maps.$2lcgft.
=830  \0$aHarvard Map Collection digital maps.$pChina.$pChangchun (Jilin Sheng)$5net
=900  \\$a012875044
=998  \\$aNO-OVERLAY

