=LDR  01943nem a2200409Ia 4500
=001  990131311720203941
=005  20191118171943.0
=008  900321s1910\\\\cc\g\\\\\\a\\f\\0\\\chiod
=034  1\$aa$b1676850$dE0942000$eE1251000$fN0434000$gN0200000
=035  \\$a(MH)013131172HVD01-Aleph
=035  \\$a(OCoLC)961844740
=041  0\$achieng
=043  \\$aa-cc---
=052  \\$a7820
=090  \\$aG7820 1910$b.S4
=110  2\$aShanghai Yuan dong di li xue hui.
=245  14$6880-01$aThe new map of China =$bZui xin Zhonghua quan tu /$ccompiled from the latest and most authentic surveys by the Far Eastern Geographical Establishment, Shanghai ; edited by Edwin J. Dingle ; the productions shown... compiled and edited by Norman Shaw.
=880  14$6245-01/$aThe new map of China =$b最新中華全圖 /$ccompiled from the latest and most authentic surveys by the Far Eastern Geographical Establishment, Shanghai ; edited by Edwin J. Dingle ; the productions shown... compiled and edited by Norman Shaw.
=246  31$6880-02$aZui xin Zhonghua quan tu
=880  31$6246-02/$a最新中華全圖
=255  \\$aScale 1:1,676,850. 26.471 miles = 1 in.$c(E 94°20ʹ--E 125°10ʹ/N 43°40ʹ--N 20°00ʹ).
=260  \\$aShanghai :$bThe Establishment,$c[1910?]
=300  \\$a1 map :$bcol., dissected and mounted on linen ;$c168 x 147 cm.
=500  \\$aRelief shown by spot heights.
=500  \\$aIncludes inset of Hainan.
=530  \\$aAlso available online.
=546  \\$aChinese and English.
=500  \\$aShows rail roads, distances, post services, telegraph situations, mines, and farm produce.
=651  \0$aChina$vMaps.
=651  \0$aChina$xEconomic conditions$vMaps.
=651  \0$aChina$xAdministrative and political divisions$vMaps
=655  \7$aMaps.$2lcgft.
=700  1\$aDingle, Edwin John.
=700  1\$aShaw, Norman.
=830  \0$aHarvard Map Collection digital maps.$pChina.$5net
=900  \\$a013131172
=998  \\$aNO-OVERLAY

