=LDR  01432cem a2200385Ia 4500
=001  990133632080203941
=005  20150501165112.0
=008  860115s1903\\\\fr\bg\\\\\a\\f\\0\\\fre\\
=010  \\$a^^^85693600^
=034  1\$aa$b2000000$dE0933400$eE1162100$fN0305500$gN0190100
=035  \\$a(MH)013363208HVD01-Aleph
=035  \\$a(OCoLC)13214924
=040  \\$aDLC$beng$cDLC$dOCLCQ
=043  \\$aa-cc---$aa-vt---
=050  00$aG7820 1903$b.F7
=052  \\$a7820
=052  \\$a8020
=100  1\$aFriquegnon, Jean-Baptiste,$d1859-1934.
=245  10$aChine méridionale et Tonkin /$cpar le Capitaine Friquegnon ; gravé par Erhard Fres.
=255  \\$aScale 1:2,000,000.$c(E 93°34'00"-E 116°21'00"/N 30°55'00"-N 19°01'00")
=260  \\$aParis :$bService géographique des colonies :$bMaison Andriveau-Goujon,$c1903 ;$e(Paris :$fErhard Fres.)
=300  \\$a1 map :$bcol., mounted on linen ;$c66 x 102 cm
=500  \\$aRelief shown by shading and spot heights.
=530  \\$aAlso available online.
=651  \0$aChina$vMaps.
=651  \0$aVietnam$vMaps.
=655  \7$aRoad maps.$2lcgft
=655  \7$aRailroad maps.$2lcgft
=710  1\$aFrance.$bService géographique des colonies.
=710  2\$aMaison Andriveau-Goujon.
=710  2\$aErhard Frers.
=830  \0$aHarvard Map Collection digital maps.$pChina.$5net
=830  \0$aHarvard Map Collection digital maps.$pVietnam.$5net
=900  \\$a013363208
=998  \\$aNO-OVERLAY

