=LDR  02230cea a2200493Ii 4500
=001  990138096070203941
=005  20191121145103.0
=008  060406s1752\\\\fr\i\\\\\\a\\\\\0\\\fre\d
=034  1\$aa$b7100000$d090.000000$e145.000000$f048.500000$g008.500000
=035  \\$a(MH)013809607HVD01-Aleph
=035  \\$a(OCoLC)859653970
=040  \\$aCtY-BR$beng$erda$cYUS$dOCLCO
=043  \\$aa------
=050  \4$aG7810 1752$b.A6
=052  \\$a7810
=052  \\$a7820
=100  1\$aAnville, Jean Baptiste Bourguignon d',$d1697-1782,$ecartographer.
=245  10$aSeconde partie de la carte d'Asie :$bcontenant la Chine, et partie de la Tartarie, l'Inde au delà du Gange, les isles Sumatra, Java, Borneo, Moluques, Philippines et du Japon : publiée sous les auspices de Monsigneur Louis Phillippe D'Orléans, Duc D'Orléans, premier prince du sang /$cpar le Sr. d'Anville, Sécrétaire de son alt Séréniss? ; Guill. De la Haye, sculp.
=246  30$aCarte d'Asie
=255  \\$aScale approximately 1:7,100,000$c(E 90°0ʹ--E 145°/N 48°30ʹ--N 8°30ʹ).
=264  \1$aA Paris :$bChez l'Auteur aux Galerie du Louvre,$cMDCCLII [1752]
=300  \\$a1 map on 2 sheets :$bhand color ;$csheets 55.2 x 81.8 cm.
=336  \\$acartographic image$2rdacontent
=337  \\$aunmediated$2rdamedia
=338  \\$ashhet$2rdacarrier
=500  \\$aRelief shown pictorially.
=500  \\$a"Avec privilege."
=530  \\$aAlso available online.
=500  \\$aIncludes seven bar scales.
=500  \\$aAppeared in Anville's Atlas général.
=651  \0$aAsia$vMaps$vEarly works to 1800.
=655  \7$aMaps$zAsia$y1752.$2local
=651  \0$aChina$vMaps$vEarly works to 1800.
=651  \0$aJapan$vMaps$vEarly works to 1800.
=651  \0$aKorea$vMaps$vEarly works to 1800.
=655  \7$aEarly maps.$2lcgft
=700  1\$aAnville, Jean Baptiste Bourguignon d',$d1697-1782.$tAtlas général.
=700  1\$aHaye, G. de la,$eengraver.
=830  \0$aHarvard Map Collection digital maps.$pAsia.$5net
=830  \0$aHarvard Map Collection digital maps.$pChina.$5net
=830  \0$aHarvard Map Collection digital maps.$pJapan.$5net
=830  \0$aHarvard Map Collection digital maps.$pKorea.$5net
=900  \\$a013809607
=998  \\$aNO-OVERLAY

