=LDR  01264cem a2200373Ia 4500
=001  990138371130203941
=005  20190730174111.0
=008  041006s1904\\\\enk\\\\\\\a\\\\\0\\\eng\d
=034  1\$aa$b506880
=035  \\$a(MH)013837113HVD01-Aleph
=035  \\$a(OCoLC)56638391
=040  \\$aNTU$cNTU$dOCLCQ$dHLS
=043  \\$aa-cc-ti
=050  \4$aG7823.T5P2 1904$b.E3
=052  \\$a7823$bT5
=052  \\$a7650
=052  \\$a7780
=110  2\$aEdward Stanford Ltd.
=245  12$aA map of part of Tibet :$bincluding Sikkim, the Chumbi Valley & Bhutan showing the routes between Darjiling and Lhasa.
=255  \\$aScale 1:506,880.
=260  \\$aLondon :$bEdward Stanford,$c1904.
=300  \\$a1 map :$bcol. ;$c65 x79 cm., folded in cover 17 x 13 cm.
=490  0\$aStanford's library maps
=530  \\$aAlso available online.
=651  \0$aTibet Autonomous Region (China)$vMaps.
=651  \0$aSikkim (India)$vMaps.
=651  \0$aBhutan$vMaps.
=655  \7$aRoad maps.$2lcgft
=655  \7$aMaps$2lcgft
=830  \0$aHarvard Map Collection digital maps.$pChina.$pTibet.$5net
=830  \0$aHarvard Map Collection digital maps.$pIndia.$pSikkim.$5net
=830  \0$aHarvard Map Collection digital maps.$pBhutan.$5net
=900  \\$a013837113
=998  \\$aNO-OVERLAY

