=LDR  02474cem a2200481Mi 4500
=001  990144170750203941
=005  20160325144543.0
=008  940108s1907\\\\cc\aegk\\\a\\\\\0\\\ger\d
=034  1\$aa$b50000$dE1195942$eE1204442$fN0362110$gN0355149
=035  \\$a(MH)014417075HVD01-Aleph
=035  \\$a(OCoLC)913080328
=040  \\$aHUL$beng$erda$cHUL$dOCLCO$dHLS
=041  0\$achi$ager
=050  \4$aG7822.J39 1907$b.J3
=052  \\$a7822$bJ39
=100  1\$aJakoby.
=245  10$6880-01$aOstasien-Schantung :$bDeutsches Schutzgebiet Kiautschou : gezeichnet nach der von der Vermessung Kiautschou 1898/99 augenommenen topographischen Karte und nach eigenen Aufnahmen im Landamt Kiautschou, 1907 = Dong Yaxiya : De shu Jiao Ao quan tu /$cdurch Jakoby.
=880  10$6245-01/$aOstasien-Schantung :$bDeutsches Schutzgebiet Kiautschou : gezeichnet nach der von der Vermessung Kiautschou 1898/99 augenommenen topographischen Karte und nach eigenen Aufnahmen im Landamt Kiautschou, 1907 = 東亞細亞 : 德屬膠澳全圖 /$cdurch Jakoby.
=246  30$aDeutsches Schutzgebiet Kiautschou
=246  30$aKiautschou
=246  31$6880-02$aDong Yaxiya : De shu Jiao Ao quan tu
=880  31$6246-02/$a東亞細亞 : 德屬膠澳全圖
=255  \\$aScale approximately 1:50,000$c(E 119°59ʹ42ʺ--E 120°44ʹ42ʺ/N 36°21ʹ10ʺ--N 35°51ʹ49ʺ).
=264  \1$aKiautschou :$bLichtzinkdruck des Katasteramtes,$c1907.
=300  \\$a1 map :$bcolor, mounted on cloth ;$c99 x 123 cm
=336  \\$acartographic image$bcri$2rdacontent
=337  \\$aunmediated$bn$2rdamedia
=338  \\$asheet$bnb$2rdacarrier
=546  \\$aTitles and place names in Chinese and German, legend in German.
=500  \\$aRelief shown by contours and spot heights. Depths shown by soundings and isolines.
=500  \\$aPrime meridian: Greenwich.
=500  \\$aIncludes insets: Kiautschou im Anschluss an die Hauptkarte (zu China)-- Schui ling schan (zu Deutschland) -- Tsch'a lien tau (zu Deutschland).
=530  \\$aAlso available online.
=651  \0$aJiaozhou Bay (China)$vMaps.
=650  \0$aNautical charts$zChina$zJiaozhou Bay.
=651  \0$aQingdao Region (China)$vMaps.
=655  \7$aThematic maps.$2lcgft
=655  \7$aNautical charts.$2lcgft
=655  \7$aTopographic maps.$2lcgft
=830  \0$aHarvard Map Collection digital maps.$pChina.$pJiaozhou Bay.$5net
=830  \0$aHarvard Map Collection digital maps.$pChina.$pQingdao.$5net
=900  \\$a014417075
=998  \\$aNO-OVERLAY

