=LDR  02344cem a2200469Ia 4500
=001  990144722950203941
=005  20160219135340.0
=008  890109m18211823enkde\\\\\a\\\\\0\\\eng\d
=034  1\$aa$b2300000$dE1030000$eE1223000$fN0240000$gS0003000
=035  \\$a(MH)014472295HVD01-Aleph
=035  \\$a(OCoLC)18994035
=040  \\$aPMR$beng$cPMR$dOCL$dOCLCQ$dOCLCG$dOCLCQ$dOCLCO$dOCLCF$dOCLCQ
=043  \\$aao-----$aa------
=050  \4$aG9237.S6P5 1821$b.H6
=052  \\$a9237$bS6
=052  \\$a7402$bC6
=100  1\$aHorsburgh, James.
=245  10$aChina Sea /$cengraved by John Bateman.
=255  \\$aScale [ca. 1:2,300,000]$c(E 103°00ʹ--E 122°30ʹ/N 24°00ʹ--S 0°30ʹ).
=260  \\$a[London, England?] :$bJames Horsburgh, hydrographer to the Honble. East India Co.,$cOctober 1st 1821-1st Feby. 1823.
=300  \\$a1 map on 2 sheets ;$c126 x 97 cm
=336  \\$acartographic image$bcri$2rdacontent
=337  \\$aunmediated$bn$2rdamedia
=338  \\$asheet$bnb$2rdacarrier
=500  \\$aRelief shown by hachures. Depths shown by soundings.
=500  \\$a"To Capt. D. Ross, and His Assistants Lieuts. P. Maughan, I. Crawford, and I. Houghton, of the Bombay Marine, Who under the auspices of the Honble. East India Company, having performed with Arduous Zeal a different and dangerous Exploration of the China Sea, so Essential to the safety of Navigation, This Chart Although with an extension of Limits being Chiefly Constructed from their Valuable surveys, is now Inscribed as a tribute due to Those Laudable Exertions, By their Sincerely Obliged Friend, John Horsburgh"--Sheet I.
=500  \\$aShows several "best routes" for shipping.
=505  0\$aSheet 1. [Southern section. 1821] -- sheet 2. [Northern section. 1823].
=500  \\$aIncludes 43 views of various coasts.
=530  \\$aAlso available online.
=650  \0$aNautical charts$zSouth China Sea.
=651  \0$aSouth China Sea$vMaps.
=651  \0$aPacific Coast (Asia)$vMaps.
=650  \7$aNautical charts.$2fast
=651  \7$aAsia$zPacific Coast$2fast
=651  \7$aSouth China Sea$2fast
=655  \7$aMaps.$2fast
=700  1\$aBateman, J.$q(John)
=830  \0$aHarvard Map Collection digital maps.$pSouth China Sea.$5net
=830  \0$aHarvard Map Collection digital maps.$pPacific Coast (Asia)$5net
=900  \\$a014472295
=998  \\$aNO-OVERLAY

