=LDR  02177nem a2200481Ii 4500
=001  990144744320203941
=005  20160219131606.0
=008  060329s1720\\\\fr\i\\\\\\a\\\\\0\\\fre\d
=034  1\$aa$b10700000$dE0580000$eE1590000$fN0500000$gS0090000
=035  \\$a(MH)014474432HVD01-Aleph
=035  \\$a(OCoLC)920195948
=040  \\$beng$erda
=050  \4$aG7400 1720$b.L5
=052  \\$a7400
=100  1\$aL'Isle, Guillaume de,$d1675-1726.
=245  10$aCarte des Indes et de la Chine :$bdressée sur plusieurs relations particulieres rectifiées par quelques observations /$cpar Guillaume de l'Isle, Premier geographe du Roy, de l'Academie royale des sciences.
=255  \\$aScale [ca. 1:10,700,000]$c(E 58°--E 159°/N 50°--S 9°).
=264  \1$aA Paris :$bChez l'Auteur sur le Quai de l'Horloge,$c[1720]
=300  \\$a1 map :$bhand color ;$c63 x 65 cm
=336  \\$acartographic image$bcri$2rdacontent
=337  \\$aunmediated$bn$2rdamedia
=338  \\$asheet$bnb$2rdacarrier
=500  \\$a"Avec privilege pour 20 ans."
=500  \\$aCartouche shows original imprint date: 1705. Remainder of the imprint has been erased from the plate.
=500  \\$aRelief shown pictorially.
=500  \\$aShows country boundaries, major and minor cities, and the Great Wall of China.
=530  \\$aAlso available online.
=651  \0$aAsia$vMaps$vEarly works to 1800.
=651  \0$aPhilippines$vMaps$vEarly works to 1800.
=651  \0$aIndonesia$vMaps$vEarly works to 1800.
=651  \0$aIndia$vMaps$vEarly works to 1800.
=651  \0$aChina$vMaps$vEarly works to 1800.
=651  \0$aSoutheast Asia$vMaps$vEarly works to 1800.
=655  \7$aEarly maps$2lcgft
=710  2\$aAcadémie royale des sciences (France)
=830  \0$aHarvard Map Collection digital maps.$pAsia.$5net
=830  \0$aHarvard Map Collection digital maps.$pPhilippines.$5net
=830  \0$aHarvard Map Collection digital maps.$pIndonesia.$5net
=830  \0$aHarvard Map Collection digital maps.$pIndia.$5net
=830  \0$aHarvard Map Collection digital maps.$pChina.$5net
=830  \0$aHarvard Map Collection digital maps.$pSoutheast Asia.$5net
=900  \\$a014474432
=998  \\$aNO-OVERLAY

