=LDR  01928cem a2200493Ia 4500
=001  990145049300203941
=005  20170413160914.0
=008  040227s1704\\\\ne\i\\\\\\a\\\\\0\\\lat\d
=034  1\$aa$b13000000$dE0244100$eE1362400$fN0752100$gN0193200
=035  \\$a(MH)014504930HVD01-Aleph
=035  \\$a(OCoLC)54895464
=040  \\$aOCP$beng$cOCP$dOCLCQ$dOCLCG$dOCLCF$dOCLCO$dOCLCQ
=043  \\$ae-ur---
=050  \4$aG7000 1704$b.I4
=052  \\$a7000
=052  \\$a7810
=052  \\$a7400
=100  1\$aIdes, Evert Ysbrants
=245  10$aNova tabula imperii Russici ex omnium accuratissimis. quae hactenus extiterunt /$cimprimis viri ampliss. Nic. Witzen delineationibus conflata, quam ipsa locorum lustratione edoctus multum emendavit Everardus Ysbrants Ides ; G. Droogenham Geometra fec.
=255  \\$aScale [ca. 1:13,000,000]$c(E 24°41ʹ00ʺ--E 136°24ʹ00ʺ/N 75°21ʹ00ʺ--N 19°32ʹ00ʺ).
=260  \\$a[Amsterdam] :$bFranciscus Halma excudit,$c[1704?]
=300  \\$a1 map :$bmounted on paper ;$c49 x 67 cm
=336  \\$acartographic image$bcri$2rdacontent
=337  \\$aunmediated$bn$2rdamedia
=338  \\$asheet$bnb$2rdacarrier
=500  \\$aRelief shown pictorially.
=500  \\$aShows Korea as an island.
=530  \\$aAlso available online.
=651  \7$aAsia$2fast
=651  \0$aRussia$vMaps$vEarly works to 1800.
=651  \0$aChina$vMaps$vEarly works to 1800.
=651  \0$aAsia$vMaps$vEarly works to 1800.
=651  \7$aRussia$2fast
=651  \7$aChina$2fast
=655  \7$aEarly works.$2fast
=655  \7$aMaps.$2fast
=700  1\$aDroogenham, Gerard.
=700  1\$aWitsen, Nicolaas,$d1641-1717.
=700  1\$aHalma, François,$d1653-1722
=830  \0$aHarvard Map Collection digital maps.$pRussia.$5net
=830  \0$aHarvard Map Collection digital maps.$pChina.$5net
=830  \0$aHarvard Map Collection digital maps.$pAsia.$5net
=900  \\$a014504930
=998  \\$aNO-OVERLAY

