=LDR  01813nem a2200397Ii 4500
=001  990145050390203941
=005  20170427152246.0
=008  151013s1722\\\\gw\i\\\\\|a||\\|0|\\lat\d
=034  1\$aa$b13500000$dE0190900$eW1690600$fN0775600$gN0280000
=035  \\$a(MH)014505039HVD01-Aleph
=035  \\$a(OCoLC)925291626
=040  \\$beng$erda
=050  \4$aG7000 1722$b.H6
=052  \\$a7000
=100  1\$aHomann, Johann Baptist,$d1663-1724.
=245  10$aGeneralis totius Imperii Russorum novissima tabula :$bmagnam orbis terrarum partem à Polo Arctico usq. ad mare Japonicum, et Chinae septentrionalis confinia exhibens : cum via Czaricae nuper Legationis ex urbe Moscua per universam Tartariam, ad magnum Chinae Imperatorem.
=255  \\$aScale approximately 1:13,500,000$c(E 19°09ʹ00ʺ--W 169°06ʹ00ʺ/N 77°56ʹ00ʺ--N 28°00ʹ00ʺ).
=264  \1$aNorimbergae :$bEx conatibus Johannis Baptistae Homanni,$c[1722?]
=300  \\$a1 map :$bhand color ;$c47 x 55 cm
=336  \\$acartographic image$bcri$2rdacontent
=337  \\$aunmediated$bn$2rdamedia
=338  \\$asheet$bnb$2rdacarrier
=500  \\$aRelief shown pictorially.
=500  \\$aThis edition shows "Mare Caspium Hyrcanum", "Kamtzadalia vel Jedso".
=530  \\$aAlso available online.
=651  \0$aRussia$vMaps$vEarly works to 1800.
=651  \0$aAsiatic Russia$vMaps$vEarly works to 1800.
=651  \0$aChina$vMaps$vEarly works to 1800.
=651  \0$aAsia$vMaps$vEarly works to 1800.
=655  \7$aEarly maps.$2lcgft
=830  \0$aHarvard Map Collection digital maps.$pRussia.$5net
=830  \0$aHarvard Map Collection digital maps.$pAsiatic Russia.$5net
=830  \0$aHarvard Map Collection digital maps.$pChina.$5net
=830  \0$aHarvard Map Collection digital maps.$pAsia.$5net
=900  \\$a014505039
=998  \\$aNO-OVERLAY

