=LDR  01726nem a2200421Ii 4500
=001  990145105920203941
=005  20160608105613.0
=008  151021q16601669ne\i\\\\\|a||\\|0|\\lat\d
=034  1\$aa$b15000000$dE0463200$eW1685200$fN0780500$gN0212700
=035  \\$a(MH)014510592HVD01-Aleph
=035  \\$a(OCoLC)926093654
=040  \\$beng$erda
=050  \4$aG7000 1660$b.W5
=052  \\$a7000
=100  1\$aWit, Frederik de.
=245  10$aTabula Tartariae et majoris parti regni Chinae /$cedita a F. de Wit ; Lhuilier fecit.
=255  \\$aScale approximately 1:15,000,000$c(E 46°32ʹ00ʺ--W 168°52ʹ00ʺ/N 78°05ʹ00ʺ--N 21°27ʹ00ʺ).
=264  \1$aAmsterdam :$bFrederick de Wit,$c[between 1660 and 1669?]
=300  \\$a1 map :$bhand color ;$c42 x 54 cm
=336  \\$acartographic image$bcri$2rdacontent
=337  \\$aunmediated$bn$2rdamedia
=338  \\$asheet$bnb$2rdacarrier
=500  \\$aRelief shown pictorially.
=530  \\$aAlso available online.
=651  \0$aRussia$vMaps$vEarly works to 1800.
=651  \0$aAsiatic Russia$vMaps$vEarly works to 1800.
=651  \0$aSiberia (Russia)$vMaps$vEarly works to 1800.
=651  \0$aGreat Wall of China (China)$vMaps$vEarly works to 1800.
=651  \0$aAsia$vMaps$vEarly works to 1800.
=655  \7$aEarly maps.$2lcgft
=700  1\$aLuillier, J.
=830  \0$aHarvard Map Collection digital maps.$pRussia.$5net
=830  \0$aHarvard Map Collection digital maps.$pAsiatic Russia.$5net
=830  \0$aHarvard Map Collection digital maps.$pRussia.$pSiberia.$5net
=830  \0$aHarvard Map Collection digital maps.$pChina.$pGreat Wall of China.$5net
=830  \0$aHarvard Map Collection digital maps.$pAsia.$5net
=900  \\$a014510592
=998  \\$aNO-OVERLAY

