=LDR  02268nem a2200445Ii 4500
=001  990145142640203941
=005  20160708183452.0
=008  151026s1778\\\\ru\i\\\\\|a||\\|0|\\latod
=034  1\$aa$b4400000$dE0633800$eE1022400$fN0555600$gN0371100
=035  \\$a(MH)014514264HVD01-Aleph
=035  \\$a(OCoLC)927158054
=040  \\$beng$erda
=050  \4$aG7212.I78 1788$b.I7
=052  \\$a7212
=100  1\$aIslenʹev, Ivan Ivanovich,$d-1784,$ecartographer.
=245  10$aTabula geographica regiones ad Irtisch fluvium ;$ba fontibus eius inde, usque ad Omskaja Kreport sitas, et priscas Kalmuccorum Sengoricae stirpis sedes, quarum situs antea parum cognitus sfuit, exhibens /$ccomposuit Joh. Islenieff ; vyrezypal E. Khudi͡akop.
=246  13$iPamphlet title:$aExposé de la carte quie réprésente une partie du cours de l'Irtyche avec les anciennes possessions des Calmoucs Songars
=255  \\$aScale approximately 1:4,400,000$c(E 63°38ʹ00ʺ--E 102°24ʹ00ʺ/N 55°56ʹ00ʺ--N 37°11ʹ00ʺ).
=264  \1$a[St. Petersburg] :$b[Imperatorskai͡a akademīi͡a nauk],$c1788.
=300  \\$a1 map :$bhand color ;$c45 x 55 cm +$e1 pamphlet (4 pages ; 29 cm)
=336  \\$acartographic image$bcri$2rdacontent
=337  \\$aunmediated$bn$2rdamedia
=338  \\$asheet$bnb$2rdacarrier
=500  \\$aRelief shown pictorially.
=530  \\$aAlso available online.
=651  \0$aIrtysh River Region (Kazakhstan and Russia)$vMaps$vEarly works to 1800.
=651  \0$aAsiatic Russia$vMaps$vEarly works to 1800.
=651  \0$aKazakhstan$vMaps$vEarly works to 1800.
=651  \0$aMongolia$vMaps$vEarly works to 1800.
=651  \0$aChina$vMaps$vEarly works to 1800.
=655  \7$aEarly maps.$2lcgft
=710  2\$aImperatorskai︠a︡ akademīi︠a︡ nauk (Russia)
=700  1\$aKhudi︠a︡kov, Efim Maksimovich,$d1748-1822,$eengraver.
=830  \0$aHarvard Map Collection digital maps.$pKazakhstan and Russia.$pIrtysh River Region.$5net
=830  \0$aHarvard Map Collection digital maps.$pAsiatic Russia.$5net
=830  \0$aHarvard Map Collection digital maps.$pKazakhstan.$5net
=830  \0$aHarvard Map Collection digital maps.$pMongolia.$5net
=830  \0$aHarvard Map Collection digital maps.$pChina.$5net
=900  \\$a014514264
=998  \\$aNO-OVERLAY

