=LDR  01575nem a2200421Ii 4500
=001  990146024680203941
=005  20170309145553.0
=008  160203s1833\\\\enke\\\\\|a||\\|0|\\eng\d
=034  1\$aa$b2200000$dE1021400$eE1205300$fN0241200$gN0123200
=035  \\$a(MH)014602468HVD01-Aleph
=035  \\$a(OCoLC)936633412
=040  \\$beng$erda
=050  \4$aG9237.S6P5 1833$b.H6
=052  \\$a9237$bS6
=100  1\$aHorsburgh, James.
=245  10$aChina Sea.$nSheet I.
=250  \\$aWith additions to 1833.
=255  \\$aScale approximately 1:2,200,000$c(E 102°14ʹ00ʺ--E 120°53ʹ00ʺ/N 24°12ʹ00ʺ--N 12°32ʹ00ʺ).
=260  \\$a[London] :$bJames Horsburgh,$c[1833]
=300  \\$a1 map :$bmounted on linen ;$c65 x 98 cm
=336  \\$acartographic image$bcri$2rdacontent
=337  \\$aunmediated$bn$2rdamedia
=338  \\$asheet$bnb$2rdacarrier
=500  \\$a"Published according to Act of Parliament by James Horsburgh, October 1st. 1821."
=500  \\$aDepths shown by soundings.
=500  \\$aShows several recommended shipping routes.
=500  \\$aIncludes text.
=530  \\$aAlso available online.
=650  \0$aNautical charts$zChina Sea.
=650  \0$aNautical charts$zVietnam.
=650  \0$aNautical charts$zIndonesia.
=650  \0$aCoasts$zChina Sea$vMaps.
=655  \7$aNautical charts.$2lcgft
=830  \0$aHarvard Map Collection digital maps.$pChina Sea.$5net
=830  \0$aHarvard Map Collection digital maps.$pVietnam.$5net
=830  \0$aHarvard Map Collection digital maps.$pIndonesia.$5net
=900  \\$a014602468
=998  \\$aNO-OVERLAY

