=LDR  01771cfm a2200493Ii 4500
=001  990147115070203941
=005  20181217030938.0
=007  aj\canzn
=008  160610q17871820cc\i\\\\\\a\\\\\0\e\chiod
=034  0\$aa
=035  \\$a(OCoLC)951538408
=040  \\$aHLS$beng$erda$cHLS$dHLS$dOCLCO$dOCLCF$dOCLCO$dHLS
=050  \4$aG7822.C6A5 1787$b.Q5
=052  \\$a7822$bC6
=245  00$6880-01$aQi sheng yan hai quan tu.
=880  00$6245-01$a七省沿海全圖.
=246  1\$6880-02$iTitle on case:$aQi sheng yan hai quan tu
=880  1\$6246-02$iTitle on case:$a七省沿海全圖一卷
=255  \\$aScale not given.
=264  \1$a[China] :$b[publisher not identified],$c[between 1787 and 1820]
=300  \\$a1 map :$bcolor ;$con sheet 33 x 662 cm
=336  \\$acartographic image$bcri$2rdacontent
=337  \\$aunmediated$bn$2rdamedia
=338  \\$asheet$bnb$2rdacarrier
=500  \\$aRelief shown pictorially.
=500  \\$aManuscript map, pictorial map.
=500  \\$6880-03$aIncludes Tian qiu tu.
=880  \\$6500-03$aIncludes [天]球圖.
=500  \\$aMap in case (36 x 7 x 7 cm)
=500  \\$aGift of Professor J.K. Fairbank.$5HLS
=500  \\$aPublishing date from Harvard old classification number.$5HLS
=650  \0$aCoasts$zChina$vMaps.
=650  \7$aCoasts.$2fast$0(OCoLC)fst00865801
=651  \0$aChina$vMaps.
=651  \7$aChina$2fast$0(OCoLC)fst01206073
=655  \7$aPictorial maps$2lcgft
=655  \7$aManuscript maps.$2lcgft
=655  \7$aMaps$2lcgft
=655  \7$aManuscript maps.$2fast$0(OCoLC)fst01752677
=655  \7$aMaps.$2fast$0(OCoLC)fst01423704
=655  \7$aPictorial maps.$2fast$0(OCoLC)fst01423807
=830  \0$aHarvard Map Collection digital maps.$pChina.$5net
=900  \\$a014711507
=998  \\$aNO-OVERLAY

